3508 2479
3042 123 3316 360 0004
155 290 2993 384 Im Zusammenhang ist das Stueck nicht ueberliefert, aber Frkf.1
143 368 3267 458 bietet die Teilstuecke (ab) fortlaufend so, wie die Zusammengehoerig¬
143 446 3336 527 keit in A und X angedeutet ist. Danach beginnt (b) eigentlich erst mit
143 519 3083 601 Si vero alteruter; der erste Satz de illis qui infra scheint ein
147 585 3377 683 spaeterer Ersatz fuer das gestrichene Teilstueck (a) zu sein. In Cl.300
143 671 3381 761 und Roff.103 beginnt (b) erst mit Utrum mulier. Dass (c) ein Teilstueck
147 744 3173 822 von Sicut dignum JL.12180 ist, hat schon Lohmann S.67 mit Recht be¬
143 826 3422 891 zweifelt; das alleinige Zeugnis der Cott. wiegt die vollstaendige Ueber-
143 883 3336 965 lieferung dieser Dekretale in Wig.alt mit Datum nicht auf. Die falsche
147 965 3398 1043 Inskription der App. (nicht cod.Linc., wo sie richtig steht) und Bb.gr..
147 1022 3316 1108 die teilweise auch den verkehrten Verweis auf die vermeintliche Stamm¬
143 1108 3206 1186 dekretale bringt, ist daraus zu erklaeren, dass die Dekretale Sicut
143 1182 3341 1259 dignum die reichhaltigste und bekannteste Verfuegung Alexanders III. »
135 1247 3324 1321 ueber Priesterverletzung war; eine Verderbnis des seltenen Bathon. ep.
143 1312 3197 1402 zu Barth.Exon.ep. lag daher nahe.- Da das Bistum Bath vom Tode des
143 1382 3426 1484 Bischofs Robert, 1166 aug. 31 bis zur Weihe Reginalds 1174 Juni 23 vakant
143 1472 3328 1562 war, von Beziehungen Roberts zu Alexander III aber nichts bekannt ist,
135 1541 3373 1640 wohl aber der Papst Reginalds Wahl begruesste (PU in England II 325 und
147 1615 3271 1709 133) und ihn 1179 privilegierte (ebenda II 384 und 189,- er hat am 3.
135 1701 3341 1799 Saterankonzil teilgenommen -, ist Reginald wohl der Empfaenger; danach
131 1775 781 1877 die Datierung.
