3508 2479
212 640 697 762 Wig VII 72.
228 293 383 424 7
3088 200 3365 342 0008
607 391 3068 489 'Accedens ad presentiam nostram magister Hug(o) - studio
224 497 2607 603 precavere.' (Alexander III.) Wigorn(iensi) episcopo.
2811 501 3226 611 (1164-79)
220 790 3487 904 Prozess um die Kirche von Whittlesey (Cambridge, oestl. von Peterborough
224 872 1373 970 vgl. dazu Constitutus in
1458 888 2355 957 und Pervenit ad nos.
220 941 3100 1027 Nach Lohmann zum c. scheint das Stueck einer spaeteren Phase des
220 1014 3190 1104 Prozesses anzugehoeren. Die Inskription ist unvollstaendig, da die
216 1100 2461 1177 Pluralform der Anrede mehrere Richter voraussetzt.
