3508 2479
27 255 198 377 14v
3013 126 3317 354 0016
1207 270 3020 503 ed. Századok 93 (1959) 404-417 No. 8
613 670 3302 754 (e) continues... quod cum generaliter traditum sit [here Cott. ends with
826 743 2217 826 etc. '] ut actor... iudicio conuenire.
2278 766 3093 868 =JL 15213 WH 309 q.v.
129 922 3176 1032 (Sk in a letter to H.A. Hanley, (Belfast) Nov. 1860, discussed the possibility of JL
126 1002 3188 1097 15213 belonging to 15196, because of the sequence Tann. 4.6.4-5, Sang. 5.5.8-9 and
118 1097 3142 1165 the internal connection between the end of (d) and JL 15213; see X 2.1.8, 2.2.8.
110 1154 1939 1249 But he did not know the Cotton text at the time. I
2662 1268 3154 1371 Sk Nov. 1974
