3508 2479
186 904 3050 999 Seg. 11. Luc. 3. Mon. 79. Rem. 30. Gilb. V 5,1. Fuld. V 9, 1. B.v 6,1.
182 996 1313 1107 Esten.v 5,1. Decr. 5,12,12.
226 361 349 468 15
2229 266 2685 389 JL. 16546
3145 198 3423 369 0017
456 432 3094 528 Ad audientiam apostolatus nostri ex parte vestra pervenit,
202 539 3121 643 quod cum quidam presbiter - officia celebrare. Dat. Laterani.
194 646 3090 746 Clemens III. Abserentsi episcopo et abbati s. Andreae de Bergis.
2558 754 2971 869 (1187-91)
182 1146 924 1257 a) ministrare X.
1126 1134 3066 1234 b) Dat. nur Luc. c)soweit nur Gilb.B.X;
321 1230 873 1333 Mon.s.inscr.
182 1356 3371 1456 Ausser der korrupten Inskription der Luc. ist nur in einer Dekretalen¬
182 1436 3133 1535 handschrift eine voellig unbrauchbare (Nuniren.ep.) ueberliefert.
194 1519 3153 1606 Wenn die Emendation in Asloensi ep. erlaubt ist, waere das Stueck
186 1606 3359 1682 an den Bischof von Oslo und einen Abt von Bergen in Norwegen gegangen.
186 1666 3276 1757 JL. vermutet Absorensi. (In Bergen gibt es ein S. Michaelkloster, JL.
182 1753 476 1852 8838).
20 1987 3050 2086 Ad audientiam apostolatus nostri pervervenit, quod cum G.
40 2070 1396 2166 de sancto Leodegario
1583 2086 1995 2166 fecerant.
674 2205 2963 2281 siehe: Ex litteris venerabilis fratris JL.14311.
