3508 2479
169 800 3254 900 Frkf. 25,7. Gilb.III 14,1. Esten.III 13.1. Fuld.III 17,1. B. III 14, 1.
162 285 296 400 17
1942 258 2385 396 JL. 14182
3100 223 3396 373 0019
485 365 3165 519 Ad audientiam apostolatus nostri pervenit, quod cum W. decederet,
177 550 985 642 R. et G. clericis
1035 546 2089 646 - differat assignare.
173 635 2181 754 Alexander III. Cantuariensi archiepiscopo.
173 935 1777 1019 a) so Gilb.B. Idem Cant.aep. Frkf.
177 1058 3196 1158 Der Anfang ist dem Druck Friedbergstkorrupt und ist wie oben (nach
177 1138 3269 1235 Frkf.) zu verbessern. Der Name der Kirche, ueber deren Einkuenfte W.
185 1212 3142 1308 verfuegte, ist nicht zu identifizieren; Friedberg hat Laed. oder
177 1296 1327 1381 Lacedon., Frkf. Lactesse.
696 1562 1954 1677 nostri om. W.H. per lapsum calami
704 1673 3104 1781 in Gilb. und den davon abgeleiteten Sammlungen einschliesslich B
719 1769 1850 1865 (nicht nur im Druck Friedbergs
2581 1831 2692 1927 Sk
