3508 2479
159 843 566 957 Belv. 21.
244 257 391 399 20
2200 240 2644 383 JL. 11398
3088 240 3381 391 0023
477 440 3088 566 Ad audientiam nostram communi fama referente - ab omnibus
167 550 1813 721 evitari.Dat. Beneventi, XIIII kal.iun.
163 688 1837 790 Alexander III. universis episcopis per Angliam.
2061 587 3137 786 Benevento (1168) mai 19
159 945 3251 1075 Ein Stueck aus dem Briefkorpus des Thomas Becket (ed. Giles II 78 n.
167 1023 3434 1157 269), wo es mit dem Datum decimo quarto kal. iun. (Danach JL. zu Mai 19)
167 1120 3271 1226 steht (zuletzt bei Robertson, Material VI 419 n. ). Sonst scheint
167 1230 2139 1304 es kanonistisch nicht ueberliefert zu sein.
