3508 2479
145 815 3390 892 Pet.IV 47. Brug.23,4. Abrinc. II 8,3(S. 362), Alan.V 10 un. Fuld.V 10 un.
145 884 1203 997 B V 7 un. Decr. V 13, 2.
214 230 359 392 23
2410 214 2769 367 JL. 13733
3064 129 3386 367 0026
549 412 3080 537 Ad audientiam nostram noveris pervenisse quod A.Criscur¬
157 549 460 666 parius,
731 541 1937 634 fuerit unctione perunctus.
145 626 1982 755 Alexander III. Ambianensi ) (?) episcopo.
2696 630 3120 747 (1159-81)
145 1041 2022 1114 a) so Brug., Albien.Abrinc., Abaim. Alan.
145 1175 3168 1271 Das hier wiederholte Incipit steht Abrinc. (Pet.), wo allein der
153 1231 3310 1348 Name erhalten zu sein scheint; B X hat pervenisse quod cum quidam..
153 1324 3084 1421 Die Lokalisierung bereitet Schwierigkeiten, da der Name, wie ein
153 1376 3205 1501 Blick auf die Lesarten bei Friedberg zeigt, ueberall sehr entstellt
149 1469 3072 1558 iat. Auch der Name des Ritters - es handelt sich um einen Unfall
153 1530 3152 1651 bei einem Turnier - hilft nicht weiter. Aus dem Sachverhalt ergibt
157 1623 3084 1711 sich aber, dass man am ehesten an einen franzoesichen Adressaten
153 1675 3290 1804 denken darf, so dass neben Amiens (Brug.) auch Albi in Suedfrankreich
174 1784 1304 1933 (Abrinc.) in Frage kommt.
