3508 2479
165 815 3238 919 Bb. 14,6. Erl. 16,1. Lips. 19,9. Tann VI 3,26. A III 35,2. Sang. VII 50
177 899 2278 1040 (S. 297). Decr. III 48, 3.
214 121 436 407 25
2303 230 2738 375 JL. 13884
3113 121 3416 379 0028
524 452 3105 552 Ad nostram audientiam noveris pervenisse, quod villa que
173 556 653 665 dicitur H.
1000 561 2044 653 instituere non omittas.
165 665 1794 786 Lucius III. Eboracensi archiepiscopo
2714 653 3133 774 (1181-85)
173 1040 3315 1129 a) So Lips.Tann.Sang., Idem Ebor.arch. Bb. Erl.A; Alexander III. Ebor.
169 1129 552 1222 arch. X.
165 1250 3109 1355 Das Stueck stammt nach Ausweis der aelteren Ueberlieferungen von
173 1323 3262 1456 Lucius III.; auch in ###, und Erl. verweist das Idem auf eine vorher¬
181 1407 3395 1516 gehende Dekretale dieses Papstes. Die Ueberlieferstragung auf Alexander
173 1480 3411 1585 III. wurde durch Bernhard von Pavia verschuldet, der das mit Idem ueber
173 1553 3008 1669 lieferte Stueck aus Bb. uebernahm, davor (III 35,1) aber einen
161 1637 3049 1738 Schluss des 3. Laterankonzils stellte, so dass dann Raimund das
169 1734 1706 1835 Idem auf Alexander III. deutete.-
1742 1690 3190 1794 Der Name der villa ist ueberall
173 1807 3053 1919 stark gekuerzt, so dass eine genauere Datierung unmoeglich ist.
