3508 2479
192 951 1195 1101 Cott. II 77. Pet.I 89.
274 342 398 466 26
2352 267 2600 413 Jh. –
3077 203 3378 398 0029
537 466 3205 590 Ad audientiam nostram noveritis pervenisse, quod cum G. de
180 586 2044 673 Torne miles - inviolabiliter observari.
173 710 3122 797 Alexander III. magistro L. archidiacono de Bedeford et priori de
184 808 1834 902 Novoburgo et magistro R. de Arundel.
286 1263 1278 1473 Error of WH. Not printed
267 1375 3288 1702 In Hampe’s analysis, this letter is neither edited, nor even numbered
293 1635 1304 1834 It is on fol. 224..
252 1804 1375 2048 Chodorow-Duggan nr. 62
