3508 2479
180 934 742 1086 Wig. VII 70.
320 141 418 457 27
2301 301 2469 441 JL. -
3086 113 3410 379 0030
578 457 1977 551 Ad audientiam nostram noveritis
2078 430 3070 559 pervenisse, quod cum
180 570 3113 668 inter N. capellanum illustris regis Anglie et H(ugonum) clericum
176 695 3180 781 super capella de Suttona - debito terminetis. Porro si hiis etc.
180 793 1781 891 Wigorniensi et Exoniensi episcopis.
2680 777 3098 898 (1174-81)
180 1082 688 1227 a) noveris.
180 1195 3156 1359 Der Ortsname Sutton ist in England so haeufig, dass ueber die ge-
180 1320 3105 1414 nauere Lage nichts auszumachen ist. Dagegen ist ein koeniglicher
180 1375 3277 1500 Kaplan Nicolaus in den Urkunden Heinrichs II. als Zeuge sehr haeufig
180 1469 3254 1578 (Vgl. Eyton, Court, household and itierary of king Henry II (London
195 1496 3332 1664 1878) Index s.v. Nicholas, Capellanus regis. Die Datierung wird durch
184 1602 3055 1738 die Erwachnung des Elekten (Gotfried) von Lincoln (1173-82) und
191 1656 3121 1801 des Erzbischofs B(ichard) von Canterbury (1174-84) bestimmt. Aus-
219 1797 1383 1906 steller ist Alexander III.
332 1777 3133 2031 Morey, Barth. of Exeter p.131. ed. Holtzmann-Kemp, Papel decretals.
320 1980 824 2141 Lincoln, Nr. 19
