3508 2479
197 1141 599 1172 Belv. 25.
329 445 434 487 29
2382 358 2842 408 JL. 14223
3125 300 3382 349 0032
711 510 3187 553 Ad audientiam nostram noveritis pervenisse, quod quidam
224 628 3296 678 clerici in vestra parochia constituti sacerdotum filii - celebrare
217 733 1289 783 nullatenus sustineatis
216 832 3097 902 Alexander (III) ep. s.s.D. venerabili fratri G. Londoniensi
217 977 1329 1033 episcopo sal. et ap. ben.
2619 964 3165 1007 (1163-81)
216 1240 3243 1290 Da das Stueck pluralisch abgefasst ist, muss es an mehrere Adressa-
224 1319 3224 1369 ten gegangen sein und zwar nicht nur Bischoefe, denn die Anrede in
237 1418 2217 1481 der Mandatsformel lautet discretioni vestre.
