3508 2479
2983 227 3144 356 0034
141 325 3237 422 soweit mir die Texte bekannt sind, hat nur die App. den auf Sipewell
156 418 3120 500 bezueglichen Zusatz; in der Rot. fehlt er, obwohl dort das Stueck
141 489 3030 571 mit der Adresse Coventry steht (ueber Brug. fehlen die naeheren
149 563 2932 649 Angaben). Ich glaube daher, dass die Adresse Coventry und der
145 633 2976 716 Zusatz ueber Piperwell eine spaetere Erweiterung darstellt. Der
149 708 3050 798 Rechtsinhalt - Zehntfreiheit der Zisterzienser - ist durch zahl
152 770 3120 868 reiche aehnliche Privilegien belegt, vgl. G. Schreiber, Kurie und
141 848 1525 934 Kloster im 12. Jh. I 268 A.1.
149 934 3296 1013 Teilweise siehe Summa De iure naturali: Noerr in ZRG. kan. 48,144 n.6.
