3508 2479
145 446 317 615 35a
2789 478 3038 579 JL —
3106 197 3432 398 0039
137 731 3368 812 Ad audientiam nostram peruenit quod multi in causam coram te uocati --
141 800 3143 884 tibi excusationem ostendant. Dat. Rome apud sanctam Mariam maiorem
133 868 2327 973 xiiii kal. Octob. pontificatus nostri anno primo.
145 960 3255 1105 Clemens episcopus seruus seruorum Dei uenerabili fratri G. Aquileiensi
141 1101 2267 1222 patriarche salutem et apostolicam benedictionem
137 1218 3275 1350 apogr. Holtzmann ex orig. Ciuidale, R. Museo (Arch. capit. Bullarium I
137 1310 3111 1423 fol. 37): cop. San Daniele Bibl. comun, unde ed Kehr, Gött. Nachr.
153 1411 1849 1527 1899 p. 275 no. 14: IP 7.1.42 no. 113.
137 1491 3267 1668 Epistolam Urbani III eiusdem tenoris dat. Ian. 16 1186-7 ex orig. ed.
145 1616 2202 1748 Pflugk-Harttung (JL 15770); IP 7.1.41 no. 107.
