3508 2479
204 872 3355 978 Alc. 67. Wig. II 33. Lips. 23, 3. Tann. III 12, 17. Frkf. 13, 18. Sang. IV 8, 15
224 955 2444 1069 (S.197). Abrinc. IV 7,4( S. 373). Rem. 4. Clar.I 27.
216 134 405 440 36
2377 212 2809 358 JL. 14171
3127 216 3442 413 0040
515 381 3186 479 Ad audientiam nostram pervenit, quod quedam parrochiales
208 519 1843 625 ecclesie - omnimodis prohibemur.
204 613 3355 711 Alexander ep.s.s.D. dilectis filiis abbati et fratribus de Teoches-
208 707 1316 825 beria sal. et ap. ben.
2746 715 3174 829 (1159-81)
204 1076 1520 1210 a) Ad aures nostras Tann.Abr.
1693 1084 3226 1183 b) volle Adr. Alc.; Cant. et eiis
342 1194 3265 1281 suffr. Wig.falsch, die richtige Inskription steht vor Wg. II 31:
338 1241 3304 1355 Abb. et fr. de Teuchesburia; Id. abb. etc fr. d... Tann. Sang.Abr.;
338 1332 1120 1418 ohne Inskr. Frkf.
1383 1344 3155 1430 c) Teothesheria Alc., Teukesburi Tann..
342 1399 1615 1544 Teukebir Sang., Rokelbur Abr.
212 1524 3155 1646 Adressat ist die Benediktinerabtei Tewkesbury in Gloucestershire.
204 1619 3206 1733 In Tann. ist das Stueck gekuerzt wie Sang. und Abr.; noch staerker
208 1709 2982 1823 gekuerzt in Lips, wo es mit irritam esse decernimus endigt;
216 1776 1984 1917 vollstaendig wie Wig. in Alc. und Frkf.
