3508 2479
3157 166 3455 306 0041
205 298 3180 437 Libernese bestaetigt Koenig Johann dem Cisterzienserkloster Ford,
221 429 3169 518 (Cal.Charter Rolls III 208), in der Naehe von Chard und Crewerne
201 495 3312 576 liegen Cricket Malherbie und Cricket Sr. „Thomas. Dean von Chichester
205 573 3176 650 waren zuerst der 1174 zum Bischof geweihte Johann Greenford, dann
228 646 3157 731 jordan de Melaburn, sodass die Namenssigle J. auf beide zutrifft.
201 700 3161 801 Datierung daher nach der Sessionsdauer des Bischofs Bartholomaeus
205 793 708 874 von Exeter.
