3508 2479
186 1008 2765 1167 Rot. 17, 16. Gilb. V 7, 2. Fuld. V 14,7. B.V 9,2. Decr. V 20, 3.
228 316 531 502 39
2316 221 2755 422 JL. 15752
3075 144 3373 387 0043
506 408 3071 520 Ad audientiam nostram te significante pervenit, quod cum
200 527 3018 657 quosdam perversos clericos, qui falsaverunt sigillum carissimi
190 657 2857 755 in Christo filii nostri Philippi illustris regis Francorum
190 777 984 882 abire permittas.
183 885 777 991 Urbanus III.
822 875 2242 977 W. Rothomagansi archiepiscopo.
2646 864 3075 987 (1185-87)
200 1163 1297 1314 a) nur soweit Gilb.B.X.
183 1318 1841 1504 Adresse bisher nur aus Rot. bekannt.
