3508 2479
164 1039 3454 1183 App. 50, 65. Oriel I 57,46. Cass. 21, 12. Brug. 42,1. Dun. IV 151a (gekuerzt)
164 1130 3323 1269 A V 29, 8. Sang. X 22(S.348). Sang.X 23 (S. 349). Abrinc. IX 1,2 (S.389).
258 344 405 462 40
2410 250 2885 405 JL. 15511
3114 119 3430 401 0046
491 422 3376 565 Ad audientiam nostram venerabili fratre nostro W. Cenomanensi
176 573 1015 696 episcopo intimante
1170 581 3294 675 pervenit, quod dilectus filius noster W. archi¬
164 675 569 794 diaconus
602 663 1588 798 - promotio impediri
176 798 2979 904 Urbanus III. archiepiscopo Turonensi, Andegavensi episcpo et
164 884 1019 1035 abbati Salmerensi
2906 896 3303 1007 (1185-86)
172 1260 1396 1367 a-a) fehlt Oriel., Sang.Abr.
1576 1273 2533 1367 b) significante Cass.
176 1359 3049 1457 c) prepediri Brug.; App. schliesst schon mit absolutum haberi.
168 1441 3090 1551 d) so App.Brug.; arch.Turon. et Andegav. ep. Oriel,A,Sang.Abr.;
303 1514 2967 1612 aep. Turon. et abb. Salme Cass. cod.Bamb.; ohne Inskr. Cass.
164 1600 2967 1756 Am vollstaendigsten steht das Stueck in Cass. und App., Oriel
180 1707 3266 1838 Sang. X 23 und Abr. bieten eine vor allem durch die Kuerzung not.a-a-
217 1813 3008 1895 am Anfang erkennbare Fassung, waehrend A und Sang. X 22 nur die
205 1883 3012 1985 Anfangsworte bringen und dann gleich mit Si vero publica den
258 1932 3118 2050 chluss bieten. Wegen Ueber die Textform der Brug. fehlen ausrei-
254 2042 372 2124 en
430 2030 3065 2132 e Angaben. Wegen des Todes des Bischos W(ilhelm) von Lemans
904 2112 3012 2235 (Gall.christ.XIV 388) schon von JL. auf 1185-80
