3508 2479
3094 197 3384 375 0051
145 310 1112 427 a) fehlt von App. ab.
149 443 3150 536 Die Zusammengehoerigkeit duerfte jetzt ausser Zweifel stehen (vgl.
149 540 3255 612 auch Lohmann S. 73 f. zu JL. 13urs), so dass auf die Verweise auf de
149 600 3380 685 Stammdekretale in den systematischen Sammlungen verzichtet werden kann.
141 685 3267 761 Auch die Inskription ist ueberall gut verstaendlich erhalten (nur in
149 741 3300 842 der Lips. einige Verlesungen). In den systematischen Sammlungen fehlt
153 826 3122 915 bei (e) durchweg die Copula Porro, gelegentlich auch vero am Anfang
161 890 443 991 von (d).
