3508 2479
3058 210 3337 356 0052
311 327 3155 428 Die Zusammengehoerigkeit wird durch Bridl. und Wig.gr., ferner
182 428 3014 509 durch die Aufeinanderfolge von (8) und (b) in Par. und Vict., wo
186 493 3240 586 allein das Datum erhalten ist, bewiesen. Hier ist auch die richtige
190 574 3107 654 Inskription an den Erzbischof (Richard) von Canterbury und seine
182 634 3240 731 Suffragene erhalten und die pluralistischen Anrede ueberall bewahrt
186 723 3276 800 waehrend die Unrichtigkeit der Inskription an den Bischof von Exeter
182 792 3329 873 in (b) schon durch die dort ebenfalls bewahrte pluralistische Fassung
178 873 3325 941 dargetan wird. Tann.(und Frkf.) haben zu (b) noch richtig den Verweis
182 929 3228 1014 auf die Stammdekretale und ihr Vorkommen in III 1 der Tann. bewahrt
182 998 3430 1095 (p.c. Ad aures supra de excessibus); das hat Sang. VII 25 abgeschrieben
182 1079 3325 1172 womit die Erwaegungen von Singer S. 291 Not. 62 hinfaellig werden. Da
178 1147 3289 1236 seit der App. der Zusammenhang der beiden Kapitel geloest ist, fehlt
186 1212 3353 1313 von da an in (b) auch die Anknuepfung mit Ceterum und das Stueck (b).
178 1285 3289 1386 beginnt mit Quia. Raimund hat den Schluss umgestaltet (Expl.: spoli-
174 1394 2279 1471 ando). In Brug, beginnt (b) mit Ceterum quod.
