3508 2479
201 1148 2123 1320 Alc.66. Wig. IV 50. Chelt. 4,23. Cott. VI 49.
168 230 316 426 52
2373 254 2545 393 JL. -
3140 205 3427 393 0058
385 418 3172 557 Ad aures nostras pervenit, quod cum ecclesia de Gremested(e)
217 549 3144 693 vacaret et conventus Lawiarum - tenere denuntietis. Si autem
217 672 3242 812 his exequendis ambo vestrum non poteritis interesse, alter vestrum
209 816 3328 906 adhibitis sibi viris honestis et discretis ea nichilominus exequatur.
201 914 3496 1033 Alexander ep.s.s.D. venerabilibus fratribus Exon(iensi) et Wigorn(ien-
205 1004 1717 1152 si) episcopis salutem et ap. ben.
2656 1012 3082 1148 (1163-79)
340 1295 2660 1418 Pervenit ad aures nostras Wig. b) Genestede Alc.
213 1414 303 1496 c
340 1406 1369 1521 Diese Formel nur Alc.
1463 1385 3205 1521 d) Volle Adresse Alc., sonst zur Inß-
221 1484 2082 1615 skription Exon. et Wig. epp. verkuerzt.
205 1615 3213 1742 Gemeint ist Eastgrinshead suedl. von London, wo Lewes noch bei der
205 1721 2119 1795 Aufhebung der Kloester die Pfarrei besass.
2320 1701 3218 1808 Das Stueck ist wohl
361 1762 3328 1906 Bartholomaeus von Exeter und Roger von Worvester gerichtet, danach
393 1857 865 1984 Datierung.
