3508 2479
3003 145 3309 362 0068
205 386 3184 483 Die Inskription von Rot, und Frkf. Waltero Rotomag. aep. gaht auf
209 475 3228 559 dieselbe Person, denn der am 3. Juli 1183 zum Bischof geweilte von
205 539 3361 620 Lincoln geweihte Walter wurde 1184 als Erzbischof nach Rouen versetzt
221 616 3401 696 (Palliumerteilung am 17. Nov. 1184, JL.15117). Da aber in den aelteren
209 676 3196 765 Sammlungen die Inskription Lincoln.ep. verherrscht, ist sie vorzu¬
209 749 3264 837 ziehen; das electo in Tann. und daraus in Sang. zu (c) ist wohl nur
213 825 3429 906 ein Schreibfehler. Die Zusammengehoerigkeit der Teile ist in den syste-
205 894 3264 982 matischen Sammlungen vielfach durch Verweise auf die Stammdekretale
213 974 3140 1059 bewahrt. Das auch bei JL. angegebene Incipit: Super eo vero quod
221 1034 3264 1127 ques! yisti gehoert zu dem Teilstueck (b) und ist eine Besonderheit
209 1127 3305 1199 der App. Brug.47,23 soll nach Friedberg stehen im Kapitel: Preterea
209 1199 769 1284 si causa -
793 1199 3252 1288 existat, dazu am Rande: Ex c. ad aures te significante
217 1272 3091 1348 supra de rescriptis; hierau gibt Friedberg erst die Fundstellen
205 1328 3152 1425 unseres Teilstueckes (c), dann diejenigen X des Teils (b) von JE.
205 1409 3200 1493 12020 Cum sacrosancta Romana. Das letztere ist nach Inc. und Expl.
201 1497 3437 1586 richtig; die Randnotiz der Brug. ist ein Irrtum. Die Anm. 56 bei Singer
326 1558 3301 1646 5 zu (c) erledigt sich durch die Abhaengigkeit der Sang. von Tann.
201 1570 286 1650 21
217 1634 3268 1723 Vollstaendig und mit der Inscription Idem eidem auch in der Hs. der
197 1707 1654 1807 Rot., Paris lat.3922 A fol. 145"
656 1884 3389 2121 ed. Holtzmann-Kemp, Papal Decretals.. Lincoln No. 21
2705 2069 3047 2226 1185-84
