3508 2479
215 968 1476 1061 Gilb.Brux.I 2,4 (= I 2,3a).
178 356 527 560 65 a
2066 356 2366 471 JL. —
3119 248 3401 397 0074
616 608 3227 694 Ad hec presentium significatione iniungimus, ut si contra
219 738 1650 812 predictos fratres super decimis -
1940 712 3034 801 excedere non attemptent.
211 849 2440 912 Alexander Cantuariensi archiepiscopo p.c. Dilecti.
2622 812 3026 920 (1159-81)
219 1109 3130 1213 Die Dekretale scheint im Interesse der Gisterzienser erlassen zu
219 1209 3082 1283 sein, aber < eine Stammdekretale mit dem Incipit Dilecti an die
215 1276 3164 1365 Provinz Canterbury - das Mandat ist pluralistisch abgefasst, ging
219 1354 3193 1432 also offenbar auch an die suffragene - ist bisher noch nicht auf¬
215 1435 642 1528 getaucht.
215 1580 1521 1743 ed. Chodorow-Duggan, Nr. 47
