3508 2479
233 887 3001 982 App.8,19. Bb.39,15. Cpd. 39,15 (S. 58). Lips. 43, 19. Cass. 48, 15.
229 978 2733 1061 Tann.V 4,17. Rot. 21, 9. A II 13, 22. Sang. VI 6,18 (S. 263).
233 363 359 457 66
2319 288 2753 418 JL. 13927
3108 319 3289 469 0075
505 485 3364 568 Ad hec quia prefati clerici scripta authentica non habent -
233 596 1120 694 reticere presumant.
241 702 2067 797 Idem Exoniensi et Wigorniensi episcopis.
2500 702 2918 820 (1164-79)
225 1108 2232 1207 a) Hoc App.ed.pr. Bb. b) Quod App-ed. pr.
229 1262 3131 1353 Das Stueck, das erst in App. und Bb.gruppe auftaucht, ist offen¬
233 1349 3305 1432 sichtlich das Ende einer anderen Decretale an die beiden von Alexan¬
229 1432 3273 1507 der III. oft verwendeten Richter Bartholomaeus von Exeter und Roger
229 1487 1999 1585 von Worvester - danach die Datierung.
166 1645 3163 1739 This decreteal is part (last part) of a decretal of Alexander III to
170 1755 3340 1913 the bishop of Exeter and Worcestor, but to which of these letters does
158 1861 674 1964 it belong?"
