3508 2479
2395 227 2605 270 0078
200 277 3218 389 Bridl.Claud. streichen die Arenga ganz und beginnen mit Intellimus
918 369 3286 449 d) remedio Bridl.Claud.; in Chelt. Schluss korrupt.
204 385 429 457 sane.
200 453 3282 525 e) Adresse nur Belv. aber ohne R.; sonst meist bei (a): R. Cant.aep.
196 525 2128 609 f) Cass.zu (b); Idem Cant.aep.in registro.
196 653 3378 745 Der Umfang der bei Giles,Gilberti (Foliot) epp. II 64n.341 im Zusammen¬
200 741 3390 830 hang gedruckten Dekretale wird jetzt durch zahlreiche alte Sammlungen
204 818 3426 898 bestaetigt. Das Incipit Cum ad hoc ist eine Sonderheit der ed.princ.
200 894 3126 966 der App.; JL.13797, wo das Stueck mit diesem Incipit noch einmal
200 958 1759 1042 angefuehrt wird, ist zu streichen.
