3508 2479
183 978 1648 1071 Alan.Anh. 34. Comp.I. Rot.V 5,9.
284 390 401 502 72
2127 241 2298 362 JL. -
3135 241 3439 401 0081
541 475 1422 565 Ad hoc universorum.
541 596 3213 674 Auctoritate apostolica inhibemus, ne quis vos ad ludos exer¬
187 701 495 795 cendos -
771 705 2462 783 vel sepulcra vestra violare presumat.
179 779 2103 911 Alexander III. (p.c. Ad hoc universorum)
2906 783 3319 904 (1159-81)
183 1098 1106 1211 a) Idem Comp.I Rot.
183 1243 3272 1352 Die Vermutung von Heckels, dass das Fragment aus einem Judenprivileg
195 1340 3241 1418 stammt, liegt nahe, denn es heisst am Schluss: ne quis.. infantes
191 1406 3319 1484 vestros ad baptismum sumere vel sepulcra.. presumat. Aber dass dies
183 1480 3139 1577 das Judenprivileg Alexanders III. Sicut Judis Jl.13973 sei, ist
179 1562 1289 1644 unzutreffend; vgl. dort.
