3508 2479
3077 171 3363 309 0082
198 297 3253 400 wo indes dieses Stueck uebersehen ist und die Note zu S. 190 n.302,
202 396 3058 465 dass er erst von Celestin III. zum Kardinal kreiert worden sei.
206 461 3127 537 zu berichtigen ist. Das Stueck ist interessant fuer die deutsche
198 537 2030 617 Einwanderung im suedlichen Kirchenstaat.
194 678 2175 766 Seg.31: Idem eidem in eodem. Dat. Lat. II non
556 754 1386 849 in eodem anno (3).
