3508 2479
235 223 2026 321 Tann. Ohne Inskr.: Cus.Cl.App.Bb.Lips.
3082 207 3358 365 0084
227 353 3179 463 Die Lokalisierung der Dekretale hat Kehr JP. VIIa p.VI gegeben; es
240 467 3130 540 handelt sich um die Eremiten von S. Angelo in Monte Folliano am
240 516 3362 621 Lago di Vico zwischen Civita Castellana und Viterbo. Dampit wird auch
235 609 3256 686 die oben zu b) gegebene Korruptel erklaert. Aus uituien oder
235 686 3126 759 uitbien wurde durch Fehllesung int bien = intra biennium und da
235 763 3321 832 dies nicht recht passte zu den weiteren Ausfuehrungen der Dekretale,
235 824 3398 922 dass vor dem 14. Jahre kein bindendes Moenchsgeluebde abgelegt werden
235 897 3500 991 duerfe, wurde es spaeter in infra XIIII annum emendiert. Die Korruption
244 974 3305 1052 des Ortsnamens laesst diesen Weg noch verfolgen. Das Datum, welches
240 1043 3443 1133 Kuttner ZRG.Kan. 22,ass77 aus Frkf. mitgeteilt hat, bietet einen Beitrag
235 1121 3463 1210 zum Itänerar Alexanders III.; danach hat er im Jahre 1176 auf der Reise
244 1190 2424 1263 von Anagni nach Benevent in Capua halt gemacht.
248 1250 3236 1352 In Claud.191 ist das C.10 L.XX q.1 (Marcellus papa, Palea, d K +162)
240 1344 3203 1425 Alexander III. magistro J. canonico Fidantie civitatis post alia:
244 1417 3244 1498 Illud statuendum inskribiert. Diese Inskription ist wohl aus der
235 1470 3345 1567 sachlichen Zusammengehoerigkeit der beiden Verfuegungen ( K.-162 und
244 1547 3467 1661 JL. 13854) zu erklaeren, verdient sonst natuerlich aber keinen Glauben.
240 1652 3463 1754 Kuttner, Traditio 1 (1943) 281 N.16 vermutet in Fidentius einen Dekret-
240 1750 792 1864 glossator f.
844 1831 1636 1945 p.37 s. aus Bb.gr
240 1835 398 1949 ed.
235 1912 1888 2030 ed. W.H. Kanon. Ergaenzungen Nr. 21
37 2209 158 2326 G.C.P.
280 2217 378 2326 G.C.P.
402 2209 938 2330 je nʼai pas dʼadresse
