3508 2479
150 827 3414 933 Brug. 24,1. Sang. IV 11,3 (S. 205). Abrinc. IV 10,2(S. 374). Alan.III 18,3.
158 908 2165 993 Fuld. III 24, 4. B III 21, 3. Esten. III 20,4.
296 353 434 466 76
2425 300 2895 426 JL. 14077
3126 268 3435 414 0085
564 450 3317 551 Ad nostram noveris audientiam pervenisse, quod cum nobilis
158 572 2251 657 vir comes Clarimontis - recedere sineretur.
146 645 2445 823 Alexander III. Willelmus Remensi archiepiscopo
2697 669 3151 791 (1176-81).
146 1046 2830 1144 a) so Brug.Sang.; Ad aud. nsam.nov. Abr.Alan.Esten.Fuld.B.
154 1119 1338 1216 b) fehlt Brug., Idem Sang.
1553 1127 2109 1233 c) nur Brug.
150 1269 3159 1362 Es handelt sich um den Grafen von Clermont en Beavairis. Durch die
142 1346 3321 1448 Nennung des Erzbischofs Wilhelm von Reims wird die Datierung bestimmt.
