3508 2479
3028 299 3291 337 0086
207 298 3274 421 Die Inskription an den Abt von St. Pierre sur Dive in der Normandie
207 398 3129 474 ist fast ueberall richtig erhalten, nur in der Bb. ist eine un¬
207 478 3186 558 erklaerliche Konfusion. Die Aenderung in Cass... super Fuldam ist
210 543 3083 631 vielleicht fuer die Herkunft der Handschrift verwertbar. In der
203 608 3049 704 Hs. Max. 51,19 & der Frkf. steht nur der Schluss von Si quando
207 692 3037 780 quilibet subditorum ab mit der Inskrption: Idem abb. s. Petri
207 765 1717 845 super Divam Ad nostram et infra.
1014 960 2980 1071 Edandurgh Natl Libr. 18.8.6 (Panormie) fol.
1017 1063 2926 1144 45v/46v marg.inf. (Mappe Dekretalen Varia.
226 1278 1966 1408 See Chodorow BMCL 3 (973) 54 no. 13
