3508 2479
3057 192 3353 328 0088
2717 308 3293 404 c) appelantes
1690 300 2638 400 b-b) fehlt App.Bbgr
224 308 1658 400 a) noveritis App.Cpd.Cass.Rot.
1782 388 2642 472 d) dieser Satz nur
2721 388 3237 472 Chelt. Cott.
224 384 1682 472 App.Bb.gr. B X; folgt; et infra.
1726 468 2841 559 f-f) fehlt App.Bb.gr.B X
224 472 1551 555 e-e) fehlt App.Bb.gr.B X.
400 528 3253 615 Schluss in App.Bb.gr. veraendert, nur bis pervenerint, B X bis
232 547 316 631 g)
1171 607 2685 687 h) fehlt Chelt., Cott unleserlich.
236 627 1031 703 graviter puniemus.
1718 667 3497 771 k) so Cott. Alan, und einige Hss.von B,
400 679 1507 767 nur Alan.B, sonst: Idem.
232 691 332 779 1)
224 759 3369 843 Heref.ep. Chelt.; Heref. ep. et arch. B; Heref.arch. Tann. Sang.Abr.;
228 819 3281 907 dil. fil.archidiacono(--is) et decano(—is, App.Bb.gr.; dec.et archid.
224 903 1419 983 Cestren. vel Lincoln. Rot.
212 1035 3405 1127 Das Stueck steht vollstaendig und in singularischer Fassung nur Chelt.
224 1123 3121 1211 Cott.; aus dem Inhalt ergibt sich, dass es nicht an den Bischof,
220 1199 3197 1279 sondern an den Archidiacon gerichtet ist. Seit App. ist es in den
220 1271 3433 1355 Plural versetzt mit einer Inskription an mehrere (Archidiakon und Deka¬
216 1339 3413 1439 ne). Inhaltlich und stilistisch verwandt ist die in Bb.gr. benachbarte
212 1411 2618 1511 Dekretale Pervenit ad audientiam JL. 14192.uss 702
