3508 2479
3126 170 3404 333 0095
214 384 658 491 Forts. 84
218 579 396 670 sus
226 658 3142 737 in omnibus servata) und das Teilstueck f stehen nicht in dem von
218 725 3130 808 Kehr veroefentlichten Text. Entweder ist also sein aus spaeterer
226 800 3178 884 Ueberlieferung geschöpfter Text unvollstaendig oder die Dekretale
230 880 3301 979 geht auf eine Erneuerung der paepstlichen Regelbestaetigung zurueck.
226 947 3412 1034 Die Entscheidung zwischen diesen beiden Moeglichkeiten muss vorlaeufig
218 1018 3047 1094 noch offenbleiben; ich waehle deshalb ein allgemeineres Datum.
218 1094 3047 1177 Dass das Kapitel Lips. 14,6 Ideo prohibemus, das JL. wegen der
226 1169 3225 1256 uebereinstimmenden Inskription mit unter 13972 verzeichnet, zu der
218 1240 3178 1316 Dekretale gehoert, findet weder in der archivalischen noch in der
218 1292 3313 1383 sonstigen kanonistischen Ueberlieferung der Urkunde eine Stuetze und
230 1383 3142 1466 ist auch inhaltlich unwahrscheinlich; es wird darin die Aufnahme
226 1462 3297 1533 von Soehnen, Neffen und verwandten in monasterio puellarum ad nutri¬
226 1526 3222 1617 endum verboten, ein Sachverhalt, der mit den Kreuztraegern nichts
218 1601 741 1692 zu tun hat.
