3508 2479
225 1092 1301 1218 Cott. IV 82. Pet. III 86.
269 399 411 514 87
2187 257 2440 372 JL. —
3172 225 3469 384 0098
684 399 2472 494 Amara nimis et dura sorte - iniungas.
257 510 2250 617 (a) Amara nimis - consideramus etc.et infra.
245 645 3152 716 (b) Sane super eo quod nobis significasti, quod tibi a ministris
1329 728 3018 815 tuis hostiam - vel plures reficiat.
245 842 2183 933 (c) Preterea rusticis, qui pro ebrietate -
2266 838 2697 945 iniungas
229 949 2341 1044 Alexander III. Cant(uariensi?) archiepiscopo.
2543 937 2966 1048 (1159-81)
245 1234 3338 1341 Die Inskription Cant.archiep. dieses nur in der Cott. ueberlieferten
237 1325 3219 1400 und wegen der Brandschaeden nur unvollstaendigen Stueckes kann un¬
237 1380 3283 1479 moeglich richtig sein. Es wird in ihm erzaehlt: a) der Adressat ist
249 1471 3417 1586 von seinen Feinden gefangen und in Haft gehalten worden – mehr ist dem
245 1562 3413 1637 gekuerzten Eingang nicht zu entnehmen; b) er hat von seinen Ministran-
245 1614 3425 1713 ten eine geweihte hostie statt einer gewoehnlichen erhalten; der Papst
237 1689 3196 1768 bestimmt die hierwegen zu leistende Busse; c) Bauern haben in der
241 1740 3302 1847 Trunkenheit einen anderen Bauern gekreuzigt - die Bussbestimmungen,
245 1819 3405 1918 welche folgen, sind verbrannt. Waere das Stueck nach England gegangen,
241 1906 3342 2005 so betraefe es entweder Thomas Becket oder Richard; ueber beide sind
237 1997 3227 2108 wir aber so gut unterrichtet, dass eine Haft durch inimici in dem
2950 2076 3077 2199 ./.
