3508 2479
3042 326 3291 357 0098
194 345 3283 426 reichen Quellenbestand doch wohl einen Niederschlag gefunden haette.
190 423 3093 500 Der in (b) behandelte Fall konnte wohl aus Versehen (ignoranter)
202 496 3117 581 passieren, aber der in (c) fuehrt in ein vorwiegend baeuerliches
190 562 3202 651 Milieu, villeicht auch in eine Gegend, die dem Heidentum noch nahe
198 655 3163 733 stand. Da nun die Cott. in ihrem neuen Material viel norwegisches
194 725 3272 791 enthaelt und gerade hier in IV 81 eine norwegische Dekretale voraus¬
198 791 3206 880 geht, wird man vielleicht an einen Lese- oder Schreibfehler denken
194 861 3241 950 duerfen: Tvond laesst sich vielleicht in cant verlesen, allenfalls
202 923 3283 1016 waere lund denkbar. Jedenfalls scheint mir sowohl die Gefangenschaft
194 1008 3252 1085 des Erzbischofs wie die beiden behandelten Deliktsfaelle am ehesten
190 1085 3202 1159 in einer nordischen Umgebung denkbar, eher als in Canterbury; aber
186 1155 3303 1244 ob das Stueck nach Trondheim oder nach Lund gehoert, muss vorlaeufig
186 1229 1074 1306 noch offen bleiben.
202 1345 1655 1519 ed. Chodorow-Duggan, Nr. 96
