3508 2479
3013 279 3291 316 0100
224 298 3372 396 Inskription: Universis suffraganeis Cantuariensis ecclesie p.c. supra
224 416 3332 498 proxmi; vorausgeht - wie in der Bb.gr. in dem Titel De preeminentia
224 495 3273 577 Lundoniensis et Eboracensis der Brief Gregors I. Cum certum sit JE.
224 565 3376 640 1829. Die falsche Inskription und der falsche Verweis ist uebernommen
224 632 2241 718 in Sang. (Idem) und Abrinc. 'Alexander III.)
228 726 1193 844 Vgl. auch A memoria.
