3508 2479
2940 22 3176 196 0104
290 225 3104 316 schon fruehzeitig in einen Sammlungstext eingedrungen ist, und es
298 309 2879 399 waere nur noch die Dekretale festzustellen, der diese Glosse
294 378 3205 483 beigefuegt war und die vielleicht die Inskription erklaeren koennte.
294 476 3056 577 Die Dekretale 'Causam que vertitur' JL. 13166 ist das sicher nicht
290 577 3125 668 gewesen, denn in ihr ist von der Jurisdiktionsgewalt der Archidia-
290 653 1162 737 come nicht die Rede.
