3508 2479
211 857 1451 984 Cott.III 35. Pet. II 22,1.
239 283 355 387 94
2120 247 2542 367 JL. -
3124 243 3435 395 0106
486 398 3176 494 Attenta diligentia et sollicitudine - satisfacere studeant.
211 510 3415 606 Alexander III. archiepiscopis, episcopis et aliis ecclesiarum prelatis
223 622 2714 717 per regnum Francorum, Anglorum, Scottorum constitutis.
2311 725 2718 833 (1166-70)
223 1008 3216 1108 Eine allgemeine Encyclopa, welche den Verkehr mit Exkommunizierten
215 1104 3132 1180 favore sue timore principum unter generelle Suspension vom Amte
211 1168 3323 1255 und Exkommunikation stellt. Man darf wohl daran denken, dass die Ein¬
211 1251 3176 1327 schaerfung dieses Verbotes in der Zeit des Beckettstreites noetig
211 1307 3363 1411 wurde, als Thomas zur Verhaengung von Sentenzen schritt, also 1166-70
211 1435 1478 1606 ed. Chodorow-Duggan, Nr. 1
