3508 2479
3116 340 3341 390 0109
227 374 3208 458 Der Kleriker T. des Koenigs von Schottland ist m. W. bisher nicht
227 443 3231 543 ermittelt; in Cott.VII 17 heisst es.. illustris quondam regis...,
227 524 3023 608 was auf Koenig Malcolm I. (gest.1165) deuten wuerde. Der volle
227 593 2677 670 Name des Klerikers H. ist, wie der Auszug zeigt, Hugo;
227 666 3316 759 die Ortsnamen sind vielleicht Sandy und Potten oestlich von Bedford;
223 739 2954 828 zahlreiche weitere Korrupteln der Namen siehe bei Friedberg.
