3508 2479
219 1531 766 1643 Cott. VI 12.
215 323 404 423 100
2393 231 2551 366 JL. -
3109 239 3405 389 0113
577 408 3405 489 Audivimus quod in partibus vestris per igniti feri examinatio¬
215 512 400 608 nem
427 535 2539 600 - alium subrogare. Dat. XV kal. ianuarii.
215 623 3290 719 Alexander Trundensi archiepiscopo, apostolice sedis legato, et eius
212 731 827 839 suffraganeis.
2128 723 3363 816 (Benevento 1169) Dez. 10.
242 843 1993 943 (a) Audivimus quod - non sustinentur.
235 939 2674 1047 (b) De penitentia vero illorum - etiam sint pensanda.
227 1054 2593 1147 (c) Cum autem regem inungi - aliquid sit indultum.
227 1173 1570 1262 (d) Ad hec ipsi et sacerdotes
1597 1162 2805 1254 - soliti sunt celebrare.
227 1274 2716 1370 (e) Ceterum si illius peccatum - ei minime denegatur.
227 1393 1389 1477 (f) Episcopum autem illum -
1620 1385 2135 1493 subrogare
227 1666 3324 1762 Wegen der Datierung vgl. Da. II 383, wo 391 n.8 das Stueck abgedruckt,
215 1762 416 1843 ist.
