3508 2479
210 957 3355 1066 App.50,26. Oriel.I 57, 37. Cass. 58, 15. A I 21, 21. Sang. V 3,18 (S.220).
206 1058 868 1163 Decr. I 29,16.
202 279 380 396 108
2156 210 2588 327 JL. 11867
3081 202 3404 359 0122
480 412 3266 505 Causam matrimonii, que inter Ermengardam mulierem et Blancha¬
214 525 557 634 tium -
602 505 2418 622 convenit adhiberi. Quod si ambo etc.
2487 533 3008 634 Dat.Veron.
222 646 3089 739 Idem Arelatensi archiepiscopo et s. Marie in via lata diacono
214 731 1716 864 cardinali in libro XII registri
2358 751 3436 860 (Veroli (?) 1170 April 5
2443 832 3266 937 - 1171 Sept. 19)?
210 1191 1627 1284 a) Sang. nur bis constringatis.
1732 1175 2842 1292 b) Diese Formel nur App.
2487 1252 3432 1357 e) et s. Marie; Cass.
198 1268 1046 1365 c) Dat. nur Oriel.
1377 1264 2330 1369 Alexander III. App.
202 1344 2681 1425 f) so App. Cass. Nur Idem als Inskr. Oriel, Sang.X.
206 1482 3432 1591 Die Personen in dem behandelten Eheprozess sind wohl kaum nachzuweisen;
206 1575 3214 1663 fruehere Richter waren die Bischoffe von Frejus und Gap. Wegen der
206 1643 3311 1732 Datierung vgl. Quell. u. Forsch.is ital. Arch. 30,45 f.u. 67; danach
206 1700 3432 1789 ist es unsicher, ob das Stueck von Alexander III. oder Lucius III. ist.
202 1785 3440 1869 Gegen Alexander III. spricht, dass zu der angegebenen Zeit ein Kardinal
202 1865 2665 1942 diakon von S. Marie in via lata nicht nachweisbar ist.
0 2164 1599 2330 Cela nʼentraîne de lʼannée
