3508 2479
277 866 2451 995 Par.II 29,8. Lips.45,4. A II 14,2. Decr. II 21,1.
281 328 457 437 109
2224 246 2708 371 JL. 14332
3184 191 3497 347 0123
687 402 2974 496 Causam matrimonii, que inter neptun M. de Siclerio
273 492 2736 613 districtione compellas. Datum Anagn. II id. novembris.
269 613 2763 730 Alexander III. venerabili fratri Papiensi episcopo
2349 730 3426 831 Anagni (1173-76) Nov.12
273 1046 2923 1120 a) Dat. nur Par.II b) so X, sonst Idem. c) nur Far.II.
273 1104 937 1198 d) electo Ax.
273 1245 3138 1346 Die Lesart 'electo' wird durch das Datum in Par. II widerlegt;
273 1327 3204 1413 der Bischof Petrus von Pavia begegnet schon 1169 (JP.VI a 188 n.2)
273 1397 3411 1479 und starb 1180; nach dem Itenerar Alexander III. kommen daher nur die
722 1467 2638 1553 3 - 76 in Frage; so Kehr JP. VI a 181 n. 39.
273 1479 679 1557 Jahre 11
269 1545 3309 1639 Ob das Stueck in Par.II vollstaendig steht, dzueber fehlen Angaben;
273 1627 3235 1701 in den uebrigen Sammlungen ist es gekuerzt. Nach den vorkommenden
273 1701 3223 1772 Namen - nach Kehr M. de Siclerio und filius R. Canis; Vorrichter
277 1783 3356 1850 sind die Bischoffe von Tortona und Asti - gehoert zu demselben Pro-
277 1846 3368 1924 zess (aber nicht in dieser Dekretale) auch das Kapitel 'Cum locum non
273 1904 730 2010 JL. 14333.
269 2021 2864 2135 Zur Datierung siehe auch Friedberg, Canonessammlungen 30.
265 2142 351 2263 Mais
297 2197 425 2275 dire une
3274 2170 3372 2295 G.C.P.
27 2197 1136 2326 Cela nʼentraîne est beaucoup de nouveau
1694 2185 1916 2330 a-t-elle
2193 2205 3383 2330 Votre très-hier. Le Comte de la Chineille
