3508 2479
3029 175 3301 309 0124
235 284 3500 378 leuchtet den Widerstand, den der Pfarrer R. seiner Entschaedigung durch
235 361 3118 434 die nahegelegene Kirche von Gold Bragfield anstelle von Harrold
240 426 3345 507 entgegensetzte. Puer die Datierung kommt in Betracht, dass an Stelle
235 495 3459 577 des in erster Instanz taetigen Bischofs von Worvester, wohl Roger 1164-
268 572 3256 662 79, das Stueck an den Bischof von Norwich gerichtet ist (neben dem
227 658 3264 735 Abt (Hugo) von St. Edmunds (1157-1180). Man darf daraus schliessen
231 727 3301 812 dass Roger von Worvester, der von Alexander III. viel beschaeftigte
231 792 3264 885 Richter, gestorben war und der genannte Bischof von Norwich Johann
256 865 3021 946 (1175-1200) ist. Dann waere das Stueck mit Ruecksicht auf die
235 930 3386 1019 Todesjahre Rogers von Worvester und Hugos von St, Edmunds auf 1179-80
227 1015 800 1100 zu datieren.
