3508 2479
226 911 3273 1006 App. 3,3. Bb.38,2. Cpd. 38, 2(S. 57). Lips. 41,2. Cass. 47,2. Tann. V 3,2.
226 979 2591 1070 Brug.44,1. Frkf.48,2. A II 11,2. Sang. VI 3,2 (S. 257).
214 349 392 456 111
2160 246 2663 372 JL. 13942
3103 198 3400 341 0125
535 460 3245 523 Causam que inter dilectos filios nostros canonicos de Gise¬
230 555 3328 646 burne et canonicos de Thorin super ecclesia de Levinton et capella
222 654 1906 741 de Jarum — reconspectui presentare.
218 729 729 860 Alexander
2492 753 2916 864 (1173-81)
218 1133 1633 1209 a) ledint. Tann.; Levinter A.
1648 1113 2865 1216 b) nur Frkf., sonst Idem.
1110 1213 1367 1308 Brug
357 1205 1010 1292 Idem Cant.aep.
222 1347 3372 1438 Die Inskription der Brug. verdient keinen Glauben, da das Stueck sich
226 1430 3412 1514 an eine Mehrzahl von Richtern wendet (discretioni vestre mandamus). In
226 1502 3194 1585 Frkf. sind alle Namen durch N. ersetzt. Parteien sind die beiden
218 1569 3225 1656 Augustiner riorate von Guisborough (Horth Riding von Yorkshire bei
226 1652 3194 1747 Middlesborough) und von Thorston in Lincolnshire (suedl. Kingston
230 1720 3281 1803 upon Holl nicht weit von Humber), Streitobjekte sind die Kirche von
218 1791 3218 1878 Kirkleavington und die Kapelle von Yarm, beides suedwestlich
230 1870 3396 1946 von Middlesborough. Die Datierung ergibt sich aus der Erwachnung einer
230 1938 3158 2037 Urkunde filiorum nostrorum cardimlium tunc sed, apost. legatorum,
230 2025 3356 2112 welche den Kanonikern von Guisborough die Kirche uebertragen haetten.
238 2088 3134 2239 (Vgl. den Auftrag dazu in der Dekretale Ex transmissa nobis; JL.-
2940 2191 3055 2255 * 1
