3508 2479
3129 306 3339 343 0125
237 191 3364 342 Das sind wohl die Kardinaele ve Albert und Theodin, die zwar no.125
245 327 3080 408 nach England gekommen sind, aber waehrend ihrer Legatur in der
245 373 3274 478 Normandie (1171-1173) vielfach mit der Regelung von Streitigkeiten
245 478 3352 552 englischer Kloester beauftragt waren. Danach die Datierung. Dass nur
241 544 3099 626 Z.Z. Celestinus III. Thornton Ansprueche auf die Kirchen erhob.
237 618 3193 700 zeigt die Urkunde des Abtes Johannes von Thornton bei (W. Brown,
241 688 3329 774 Cartularium prioratus de Gyseturne II (Særtees Soc.89,1891) 93n. 672.
