3508 2479
281 804 2319 927 A II 18,10. Sang.VI 7,19(S.268). Decr. II 26,7.
269 388 454 500 113
2054 208 2477 342 JL. 13510
3073 204 3365 350 0127
696 431 3169 554 Causam que inter dilectum filium nostrum J. Reginensem
285 585 3369 662 archidiaconum et nobilem virum G. de Baisio - prescribere ratione.
285 658 1431 796 Idem Parmensi episcopo.
2865 658 3150 762 (1179)
288 977 1112 1088 a) Papiensi Sang.
292 1119 3292 1208 Vgl. IP. V 372 n. 4, wo (wie bei JE.) die von Friedberg vorgeschla¬
292 1177 3250 1296 gene Datierung angenommen ist. Ein Archidiakon Jacobus von Reggio
312 1269 2519 1373 (Emilia) erhaelt 1178 ein Privileg JP.V 372 n. 3.
