3508 2479
205 385 385 494 114
2152 261 2309 353 JL. -
3080 201 3393 361 0128
522 442 3216 514 Causam que inter dilectum filium nostrum R. abbatem Malmes¬
209 550 3039 646 buriensem et quosdam fratres ipsius monasterii de institutione
217 654 1377 751 eius et ingressu vertitur -
1610 642 3112 747 exhibere reverentiam compellatis.
217 767 1891 859 Lundoniensi et Wigorniensi episcopis.
3075 763 3328 871 (1175)
213 919 642 1028 Wig. II 34.
209 1052 3256 1148 Lohmann hat das interessante Stueck, aus dem wir erfahren, dass der
209 1148 3136 1225 Abt R(obert) von Malmesbury kein grosser Gelehrter war, nach den
1385 1209 1474 1281 2
1465 1204 3449 1301 55 zu 1174-80 angesetzt. Da in JL.12401 vom
209 1225 1478 1309 Angaben Mon.Angl. nov.ed. I
209 1289 2995 1369 22. Dez.1174 Robert noch als Elekt genannt ist, hier aber als
209 1421 3200 1514 den folgenden Jahren sind mehrere Mandate des Papstes fuer Malmes¬
201 1365 2987 1445 Abt, gehoert das Stueck wohl in das Jahr 1175. Aus diesem und
209 1502 3075 1590 bury archivalisch erhalten, ohne dass darin von einer Fortdauer
209 1586 3116 1662 der bildungsstolzen Opposition im Kloster gegen den Abt die Rede
209 1658 3075 1738 waere. Eine Urkunde Bischof Rogers von Worvester pro reformanda
217 1738 3075 1827 pare inter Robertum abbatem Malmesburie et quosdam de fratribus
209 1807 3124 1891 eius de mandato domini papa Alexandri apud Malmesburiam cum vene
209 1883 2995 1959 rabili fratre nostro Bartholomeo Exoniensi episcopo' steht im
209 1951 3120 2044 Registrum Malmesburensse ed.J.S. Brewer an C.T.Martin II (London
205 2028 895 2152 1880) 15 n. 153.
