3508 2479
204 341 384 459 118
1836 282 2020 404 JL.
3111 173 3401 326 0132
522 443 3366 537 Causam que inter nobiles viros Fr.(?) de Thespald (?) et R. de
208 537 3362 643 Bic.. (?) super iure patronatus ecclesie de Waltona noscitur agitari -
208 663 1538 749 in causa cognitione procedat.
204 749 3036 863 Alexander III. Exoniensi et Wigorniensi episcopis. (1164-79)
204 910 690 1036 Cott. VI 40.
204 1067 3303 1149 Die Namen zu Anfang stehen auf einer Brandstelle und sind nicht mehr
212 1134 2605 1224 sicher zu lesen. Darf man Thelwald (p = av. wen statt
212 1200 3036 1302 lesen, dann waere die Kirche vielleicht mit Walton in Cheshire
212 1283 3122 1361 (zwischenselbener undriverpool) zu identifizieren, in dessen
212 1353 3111 1471 Naehe Thelwall liegt. Datierung nach den Jahren (Rogers) von Wor
208 1447 537 1526 vester.
86 1534 1946 1722 ed. Chodorow-Duggan, Nr. 55. 1164
