3508 2479
207 250 3346 381 hat mit dem Prozess nichts zu tun gehabt; der Bischof von Londen 134
219 346 3020 429 wurde nach JL. 15932 von einer Partei abgelehnt und durch den
215 405 3402 513 Abt von Ford ersetzt; neben dem Bischof von winchester ist in JL. 13932
215 489 3223 580 noch Bartholomaeus von Exeter als Richter genannt. Durch JL. 13932
219 552 3406 656 ergibt sich, dass das vorliegende Stueck aelter sein muss; der Bischof
219 640 3362 715 von winchester, der beiden gemeinsame Richter, kann aber dann nur
215 727 3278 807 Richard sein (geweiht 1174 Okt.6), nicht der 1171 verstorbene Hein¬
207 799 3028 870 rich. Danach die Datierung. Vgl. auch M. Cheney, EHR.56 (1941)
215 854 3294 946 189 f: Auszug bei Radulf de Deceto, Ymag. hist. ed. RS.I 427-1428 zu
215 934 1033 1053 1178.*
342 1073 3151 1156 * 'Nos attendentes- -relinquatis' = JL 13106: 1 oct. 1178. Parallel printing
461 1144 2913 1232 by C. Duggan in Festschr. Ullmann (Cambfiddge 1880) 79,80, cf. 75f.
2945 1172 3060 1260 Sk
350 1276 2790 1359 Von d. Dekretisten oft glossiert, Verhältnis Staat-Kirchel (W.H.)
