3508 2479
241 328 407 431 121
1924 249 2363 364 JL. 13858
3086 194 3366 344 0135
569 439 3181 526 Causam que vertebatur inter R. clericum et R. presbiterum
245 549 2323 636 super ecclesia sancte Milburge de Muleslawe -
2600 545 3169 648 eum pacifice
269 664 719 763 possidere.
249 723 3082 857 Alexander III. dilectis filiis Coventrensi et Kinelwøde
257 873 707 980 prioribus
2703 838 3121 976 (1159-81)
257 1004 3110 1106 Wig.VII 20. Cl. 218. Chelt. 7,13. Cott.III 19. Pet. II 31,4. Tann.
253 1098 3232 1181 IV 5,11 = Anh. 15. Dun. IV 94. Rot. 26, 9. Sang. V 4,9 (S. 227). Abrinc.
257 1174 1999 1284 V 5,6 (S.377). Alan.II 15,3. B II 18,3.
253 1300 1758 1395 a) Nilburge Cl.; Mildeburgae B.
1885 1292 3177 1387 b) Mileslaune Cl.; Maleslau
395 1395 3295 1474 Chelt. Cott.; Melesian Pet.; Mullesiane Tann.; Millesan (Misse-
2098 1450 2853 1549 d) nur Cott.Pet.
889 1458 1952 1561 c) genannt Cott.Pet.B.
395 1470 735 1561 len) B.
383 1533 2632 1612 Cov.ep.et de Kinel. priori Tann.Sang.Abr.Alan.B.
253 1612 2185 1695 f) Reuille wothe Sang.Abr.; Chinillae B.
265 1743 3185 1829 Vgl. zur Lokalisierung: 'Cum Rogerus presbiter' JL. -; der Abt von
261 1822 3268 1916 Evesham und der Prior von Kenilworth, an die jenes Stueck gegangen
269 1901 3236 1980 ist, werden als Vorrichter hier erwaehnt. Am Schluss ist der Satz,
253 1976 3430 2055 der die Wiederaufnahme des Prozesses durch den Papst motiviert, gegen-
269 2051 3386 2146 ueber dem Druck bei Friedberg nach Wig.gr. und Rot. so zu verbessern:
269 2130 3228 2260 Post latam vero sententiam eodem clerico nobis instantius suppli-
3070 2157 3287 2280 ./.
