3508 2479
252 282 3139 378 cante ex ipsius constanti assertione accepimus quendam clericum
248 370 3131 446 inter illum, qui dicebatur fuisse pater eius, et ipsum prefatam
252 446 3173 522 ecclesiam tenuisse; quod licet ex simplicitate sua, dum causa in
256 511 2998 599 presentia nostra tractaretur, nimine proposuisset, nos tamen
244 587 3310 671 equitatis intuitu et solita sedis apostolice clementia... Fuer die
240 648 3043 744 Datierung fehlt jeder Anhalt; nur soviel ist sicher, dass das
236 725 2338 809 Stueck spaeter ist als 'Cum Rogerus presbiter.
511 942 3131 1041 ** Post latam—inde perceptis restituatis: Brug. 31.8 (Nr.731) ist als
625 1037 2300 1133 selbständiges Stück zu streichen. (K.W. Nörr)
