3508 2479
286 232 3397 371 346 n.158). Der Abt Adam von Evesham ist aber bei diesem Absch 1136
290 348 3080 429 nicht mehr beteiligt gewesen, doch muss das Stueck an mehrere
286 402 3331 499 Richter gegangen sein, da es pluralisch abgefasst ist (..audiatis..
298 460 3393 580 provisuri). Der Ausgangspunkt fuer die Datierung ist der Amtsantritt
1261 569 3350 654 - Dass das bei JL. hierzu gerechnete Kapitel
290 573 1207 650 Rogers von Worcester
325 638 3350 720 'Archidiaconis' hiermit nichts zu tun hat, ist dort bereits bemerkt,
286 727 619 801 worden.
