3508 2479
3062 179 3360 320 0139
225 275 3284 378 der nach A. Morey, Bartholomen of Exeter S.121 seit 1175 begegnende
240 370 3200 454 (Balduin) Abt von Fordyin der Inskription. Robinson fuehrt S. 83
233 442 3242 526 eine Koenigsurkunde an, welche den Vergleich bestaetigt und die er
233 530 3120 591 auf 1175-76 ansetzt. Nach dem Itenerar des Papstes bleiben dann
225 580 3272 679 fuer die Datierung des Stueckes nur die Jahre 1178 und 1179 uebrig.
233 843 1518 957 ed. Morey, Barth, of Exeter p.133.
