3508 2479
285 351 459 455 125
2463 289 2621 401 JL. -
3168 235 3468 385 0139
563 397 3075 493 Causam super transactione, que facta esse dicitur inter
293 513 3314 605 abbatem Glastoniensem et episcopum Batoniensen et T. archidiaconum
297 613 2520 705 Wellensem - appellatione postposita procedatis.
281 728 2790 817 Alexander III. Exoniensi episcopo et abbati Fordensi.
2177 829 3465 929 Laterano (1178-79) April 16.
285 929 1807 1044 Claud.215. Wig.VII 78. Chelt.4,21.
285 1079 1792 1175 a) fehlt Wig., Chelt. ohne Inskr.
277 1229 3380 1330 Das Stueck ist auch archivalisch ueberliefert in zwei Kopialbuechern
293 1318 3260 1410 von Glastonbury (S.XIV, Oxford Bodl. Wood ampt.1 d fol.21 und Long¬
285 1383 3164 1476 beat, Marquis of Bath p.32; kuenftig hg.PU. in England III), in
293 1457 3287 1549 beiden mit dem Datum Laterani sextodecimo kal. maii und mit voller
1206 1534 3187 1626 .dilecto filio abbati Schirburn (Longleat)
281 1542 1168 1622 Adresse, darin aber
293 1611 3237 1684 bzw. Schirborne (Oxford). Die Lesart der Kanonistischen Ueberlie-
281 1684 3310 1777 ferung ist aber vorzuziehen, denn der Abt (Balduin, seit etwa 1175)
289 1757 3199 1834 erscheint in den Dekretalen oefters als delegierter Richter, der
277 1827 3280 1900 Abt von Scherborn nie. Die Datierung hat auszugehen von dem Archi-
281 1900 3360 1996 diakon T(homas) von Wells, urkundlich nachgewiesen von J.A. Robinson,
285 1973 3064 2066 Somerset historical essays (London 1921), 80-84, fuer die Jahre
281 2050 3014 2139 1169-92. Dann kann der Bischofwon Bath nur der 1174 geweiht
266 2100 3326 2254 Reginald sein - von 1166 bis 1174 war Bath vakant - und dazu stimmt
3079 2197 3434 2301 ./.
