3508 2479
274 297 466 401 126
2355 227 2516 343 JL. -
3133 173 3430 312 0140
586 366 3245 505 Causam vestram venerabili fratri Herefordensi episcopo
285 520 3384 613 et dilecto filio J. Eboracensis ecclesie thesaurario committimus
274 597 3229 705 terminandam ideoque, quod ipsi inter vos iudicaverint, suscipi¬
281 763 3226 832 atis. Si vero aliqua simplex confirmatio, que diffinitivam sen¬
285 825 1676 990 tentiam non continet, apparuit
1777 859 3160 936 , canonicis adversariis vestris
266 936 2459 1067 nullum volumus propter hoc preiudicium irrogari
270 1067 3226 1160 Alexander III. priori et universo capitulo Coventrensis ecclesie.
2725 1148 3114 1249 (1159-63)
270 1279 2320 1380 Dun.II 23. Royal 85. Chelt. 16,8. Tann.VI 1,5.
2351 1291 3129 1399 Sang.VII 6(S.283).
274 1437 1156 1538 a) fehlt Tann.Sang.
2574 1430 3445 1538 c) fehlt Chelt.Tann.
1360 1437 2405 1561 b) fehlt Dun.Tann.Sang
2328 1511 2964 1619 apuit Tann.;
355 1515 1568 1603 Sang. d-d) etc. et infra
1657 1518 2139 1607 Tann. Sang
358 1588 1137 1688 approbatur Sang.
1183 1588 3041 1684 f) fieri Royal.; fieri preiud. Chelt.;
362 1661 1330 1757 generari Tann.Sang.
266 1800 3191 1896 Das offensichtlich schon fragmentarische Stueck ist in Tann, und
266 1896 3233 1969 Sang. noch weiter gekuerzt. Der Thesauer J(ohann) von York wurde
274 1958 3303 2046 1163 Bischof von Poitiers, danach die Datierung. In Tann. und Sang.
266 2031 3172 2116 steht das Stueck ohne Inskription fortlaufend an JL. 14074(911).
