3508 2479
3141 207 3439 350 0148
298 290 744 402 Fort. 132.
298 445 779 545 Salonitano
298 529 3439 636 scheint mir nichts anderes als ein Ueberlieferungsfehler zu sein, und
298 612 1746 692 zwar ein ziemlich beschraenkter.
298 680 3435 783 Auch fuer das c. 'Cum tu sicut' hat allein die Cass. eine abweichende
298 752 3320 843 Inskription: Salonitano archipresbitero; das sieht ganz danach aus,
298 835 3487 926 als ob die Lesart Salona lediglich eine Sonderheit der Cass., vielleich
294 891 1618 986 ein Lesefehler Boehmers ist.
290 978 3352 1074 Gehoert dagegen das c.'Mandamus' mit zu unserem Stueck, so waere es
294 1050 2934 1141 nach JP.VIII 360 n. 50 und 48 auf (1179-81) zu datieren. Da
290 1129 3249 1205 sowohl diese Zusammenhang wie jener mit dem c.Cum tu sicut' vor¬
290 1193 3157 1292 laeufig offenbleiben muss, bleibt nur die Datierung auf 1159-81
282 1264 620 1364 uebrig.
