3508 2479
167 283 472 440 138
2355 254 2718 371 JL. —
3136 134 3423 276 0154
596 411 3292 494 Conquerente dilecto filio magistro R. ad nostram audientiam
276 516 3063 603 noveris pervenisse, quod, cum R. de sancto Paulo ei ecclesiam
273 614 2958 709 de Kelintem concessisset - ordine iudiciario permittatis.
276 741 1065 843 Ohne Inskription.
273 883 796 999 Cott. VI 48.
276 1010 3190 1116 Beim Fehlen der Inskription ist eine genauere Lohali sierung und
280 1108 3063 1188 Datierung kaum moeglich. Eine Ortschaft Kellington gibt es in
280 1185 1697 1257 Yorkshire suedoestl. von Leeds.
294 1286 2776 1468 ed. Chodorow-Ouggan, Nr. So.. (1159-8M)
