3508 2479
56 258 276 459 139
2461 213 2897 329 JL. 17604
3129 213 3394 370 0155
609 437 3133 534 Conquerente J. presbitero intelleximus, quod postquam
202 545 1564 638 iter accipuit ad nos veniendi
1572 500 2782 631 - remota restitui facias
198 631 1986 762 Alexander III. Ambianensi episcopo.
2658 646 3106 758 (1159-81).
209 795 3192 892 Brug.31,2. Sang.VI 1,18(S.251). Abrinc. VI 1,10 (S.379). Dun. IV 124.
209 889 1979 978 Alan. II 17, 1. B II 20,1. Decr. II 29,1.
202 1023 702 1135 a) P. Brug.
2132 1016 2363 1113 B X.
2397 1019 3237 1120 c) Celestinus III.
978 1031 2072 1113 b) faciatis incunctanter
2143 1090 2793 1199 d) Abiensi B.
336 1098 1975 1202 Alan. B X.; Idem eidem Sang.Abrinc.
202 1232 3159 1333 Dass das Stueck von Alexander III. ist, sagt die Inskription der
205 1325 3080 1434 Brug. ausdruckklich; auch in Sang. steht es in einer Gruppe von
198 1381 2826 1482 Alexanderbriefen (vorausgeht JL.14145 Idemepisc. Ambian.)
209 1464 3200 1553 so dass die Verkuerzung der Inskription (Idem eidem) nur aus einer
209 1550 3024 1635 Vorlage wie die Brug. erklaert werden kann. (Singer nahme sie
202 1624 3204 1699 auch als Quelle der Sang. an, ohne zu bemerken, dass die Dekretale
202 1703 2931 1803 auch in B X steht.) Verstaerkend kommt hinzu, dass die Brug.
205 1774 3024 1856 keine Dekretalen Celestinus III. Kennt (so richtig Heyer, ZRG.
224 1837 952 1979 34. Kan. 3,637.).
