3508 2479
273 966 485 1026 Brug.
497 967 709 1027 26,2.
761 963 983 1023 Sang.
995 963 1024 1023 I
1086 960 1524 1020 43(S.351).
1586 957 1981 1017 Abrinc.IX
2044 959 2246 1019 (2),2
2318 953 2663 1013 (S.390).

266 419 401 479 141

2262 333 2391 393 JL.

3145 273 3319 333 015

546 486 1019 546 Conquerente
1077 482 1292 542 nobis
1357 482 1658 542 Johanne
1724 480 2018 540 clerico
2090 476 2340 536 latore
2407 473 2836 533 presentium
2909 470 3332 530 intellexi¬

267 599 437 659 mus,
498 599 660 659 quod
728 598 839 658 cum
907 598 988 658 S.
1049 596 1159 656 quo
1227 595 1352 655 eo,
1413 596 1568 656 quod
1636 593 1799 653 illi
1867 589 2163 649 quendam
2231 588 2439 648 equum
2544 582 2573 642 -
2686 585 3026 645 canonica

267 709 569 769 censura
636 706 1130 766 compellatis

264 819 492 879 Abbati
538 817 789 877 sancti
851 816 1156 876 Remigii
1225 814 1293 874 et
1355 814 1438 874 F.
1492 813 1751 873 decano
1813 807 2125 867 Remensi

2723 804 3125 864 (1175-76)

252 1112 331 1172 a)
427 1112 928 1172 percellatis
1080 1107 1494 1167 Sang.Abr.

1755 1100 1840 1160 b)
1893 1097 2349 1157 Brug.Sang.

265 1256 369 1316 Der
435 1259 644 1319 Dekan
710 1258 1026 1318 F(ulco)
1084 1253 1196 1313 von
1262 1253 1471 1313 Reims
1537 1249 1659 1309 ist
1725 1245 1845 1305 von
1911 1247 2072 1307 1168
2138 1244 2250 1304 bis
2324 1243 2486 1303 1175
2544 1240 2980 1300 urkundlich

272 1335 568 1395 belegt,
631 1333 794 1393 sein
857 1330 1293 1390 Nachfolger
1365 1324 1481 1384 von
1552 1322 1708 1382 1176
1771 1321 1895 1381 ab.
1959 1318 2020 1378 Da
2091 1318 2161 1378 in
2224 1316 2340 1376 dem
2403 1315 2660 1375 Stueck
2731 1312 2839 1372 von
2911 1310 3113 1370 einem

268 1408 600 1468 Johannes
669 1404 1108 1464 procurator
1177 1399 1517 1459 Remensis
1586 1396 2161 1456 archiepiscopi
2223 1390 2343 1450 die
2405 1389 2571 1449 Rede
2632 1386 2806 1446 ist,
2860 1384 3169 1444 geheert

276 1480 330 1540 es
401 1480 571 1540 wohl
627 1481 696 1541 in
767 1478 884 1538 die
947 1477 1203 1537 letzte
1266 1473 1429 1533 Zeit
1493 1471 1617 1531 des
1680 1468 2163 1528 Erzbischofs
2226 1464 2568 1524 Heinrich
2640 1459 3208 1519 (gest.13.Nov.

264 1555 471 1615 1175)
527 1554 694 1614 oder
759 1554 829 1614 in
894 1551 1014 1611 die
1078 1547 1571 1607 Sedisvakanz
1636 1545 1748 1605 bis
1821 1544 1939 1604 zur
1996 1539 2665 1599 Thronbesteigung
2738 1532 3120 1592 Wilhelmus

281 1626 384 1686 (8.
441 1630 609 1690 Aug.
635 1630 875 1690 1176).
908 1626 1158 1686 Danach
1223 1623 1343 1683 die
1408 1620 1842 1680 Datierung.
1908 1618 2027 1678 Die
2093 1614 2156 1674 am
2222 1613 2567 1673 Schlusse
2633 1608 2978 1668 genannte
3043 1600 3251 1660 abba¬

279 1701 479 1761 tissa
539 1702 612 1762 de
680 1699 1021 1759 Aveniaco
1089 1697 1214 1757 ist
1275 1695 1393 1755 die
1454 1692 1846 1752 Aebtissin
1914 1688 2025 1748 von
2093 1686 2403 1746 Avenay.

266 1849 401 1909 More
450 1847 510 1907 on
559 1845 845 1905 Johannes
900 1844 1253 1904 procurator
1308 1844 1778 1904 archiepiscopi
1833 1843 1962 1903 (and
2011 1841 2071 1901 in
2127 1840 2296 1900 other
2351 1838 2596 1898 letters
2645 1838 2705 1898 of
2753 1838 2936 1898 Alex.
2986 1836 3121 1896 III:
3163 1835 3448 1895 vicarius

273 1920 797 1980 archidiaconi),
839 1922 1129 1982 probably
1178 1919 1315 1979 mag.
1364 1916 1495 1976 Jean
1552 1917 1606 1977 de
1655 1916 1979 1976 Breteuil,
2028 1913 2387 1973 chancellor
2436 1913 2497 1973 of
2546 1912 2684 1972 abp.
2726 1910 2905 1970 Henri
2954 1909 3015 1969 of
3065 1907 3236 1967 Reims

274 1995 367 2055 and
419 1993 589 2053 later
641 1993 700 2053 of
752 1993 965 2053 Noyon:
1043 1991 1110 2051 L.
1163 1990 1598 2050 Falkenstein,
1650 1990 2035 2050 „Decretalia
2087 1988 2454 2048 Remensia',
2489 1988 2890 2048 Miscellanea
2942 1986 3189 2046 Rolando
3233 1981 3445 2041 Bandi-

291 2067 470 2127 nelli
517 2068 652 2128 Papa
699 2068 1050 2128 Alessandro
1108 2066 1209 2126 III
1267 2065 1458 2125 (Siena
1516 2065 1686 2125 1986)
1733 2063 1981 2123 161-42,
2028 2064 2151 2124 with
2209 2059 2527 2119 bibliogr.
2574 2059 2674 2119 nn.
2687 2061 2901 2121 64,65.
