3508 2479
258 1032 512 1092 Chelt.
531 1036 742 1096 13,5.
795 1032 1148 1092 Cott.VII
1211 1036 1333 1096 31.
1387 1035 1562 1095 Erl.
1581 1033 1783 1093 36,4.
1846 1033 2285 1093 Lips.39,6.
2340 1032 2559 1092 Tann.
2622 1033 2692 1093 IV
2754 1036 2965 1096 2,10.

258 1106 690 1166 Frkf.36,5.
744 1107 1009 1167 Sang.V
1072 1108 1230 1168 2,15
1301 1109 1645 1169 (S.217).
1708 1106 2053 1166 Abrinc.V
2116 1106 2283 1166 2,4.
2311 1110 2654 1170 (S.375).
2708 1108 2928 1168 Alan.
2938 1106 3017 1166 II
3071 1109 3247 1169 5,1.

262 1181 556 1241 Fuld.II
620 1185 789 1245 9,2.
843 1181 1064 1241 Gilb.
1075 1181 1287 1241 Brux.
1298 1182 1381 1242 II
1436 1182 1656 1242 7,la.
1699 1181 1742 1241 B
1796 1183 1879 1243 II
1933 1184 2100 1244 7,1.
2154 1182 2471 1242 Decr.II
2525 1185 2693 1245 13,7

260 346 384 406 ﻿144

2446 312 2569 372 NN.
2604 318 2806 378 1315

3196 292 3448 352 0160

476 431 955 491 Conquerente
1017 428 1225 488 nobis
1288 428 1461 488 R.e/
1523 443 1820 503 clerico
1882 442 2143 502 latore
2205 440 2640 500 presentium
2711 444 3155 504 accepimus,

274 557 422 617 quod
497 554 607 614 cum
682 554 978 614 vacaret
1039 554 1564 614 scholasticis
1633 559 2107 619 disciplinis
2175 557 2381 617 ipsum
2449 557 2567 617 non
2627 558 2923 618 citatum

262 664 595 724 ecclesis
665 664 733 724 de
802 664 1197 724 Elmestede
1353 665 1515 725 sine
1576 667 1876 727 iudicio
1946 667 2340 727 spoliasti

2567 667 3049 727 commisimus

229 774 796 834 Merminandam.

260 885 644 945 Alexander
703 884 913 944 III.“
1031 885 1559 945 Cantuariensi
1618 884 2339 944 archiepiscopo“).
2446 885 2849 945 (1162-81)

256 1321 327 1381 a)
376 1322 454 1382 J.
559 1324 1100 1384 Chelt.Frkf.;
1156 1322 1370 1382 fehlt
1427 1323 1641 1383 Cott.
1746 1320 1832 1380 b)
1881 1321 2366 1381 Helicestede
2471 1321 2741 1381 Cott.;
2798 1322 2876 1382 El
2941 1319 3011 1379 et
3068 1318 3139 1378 de
3203 1319 3322 1379 Ste

384 1399 635 1459 Lips.;
693 1399 1091 1459 Dineforde
1198 1399 1466 1459 Tann.;
1524 1399 1597 1459 de
1663 1397 1686 1457 N
1801 1397 2020 1457 Frkf.

2232 1399 2396 1459 o)so
2464 1399 2688 1459 Cott.
2705 1399 2871 1459 Erl.
2888 1399 3244 1459 Alan.B.,

392 1471 537 1531 Idem
643 1474 871 1534 Lips.
880 1474 1188 1534 Frkf.X;
1246 1474 1367 1534 nur
1433 1474 1595 1534 Idem
1701 1474 1919 1534 Tann.
1937 1474 2148 1534 Sang.
2165 1474 2334 1534 Abr.

253 1542 325 1602 d)
382 1545 640 1605 Wiwion
706 1547 827 1607 ep.
933 1548 1151 1608 Erl.;
1208 1548 1604 1608 Wiwon.ep.
1702 1548 1920 1608 Lips.

247 1694 354 1754 Der
420 1692 764 1752 Ortsname
831 1692 1038 1752 not.b
1104 1694 1225 1754 ist
1291 1694 1355 1754 in
1429 1694 1543 1754 der
1609 1693 1996 1753 spaeteren
2063 1692 2681 1752 Ueberlieferung
2747 1691 3185 1751 hoffnungs-

256 1768 355 1828 los
425 1768 955 1828 korrumpiert;
1018 1765 1186 1825 vgl.
1241 1766 1363 1826 die
1426 1766 1771 1826 Lesarten
1841 1766 1956 1826 bei
2018 1766 2410 1826 Friedberg
2473 1766 2541 1826 ad
2611 1765 2687 1825 c.
2742 1764 2918 1824 not.
2973 1759 3049 1819 5.

260 1838 681 1898 Vermutlich
751 1839 1050 1899 handelt
1120 1838 1188 1898 es
1250 1840 1410 1900 sich
1472 1841 1641 1901 nach
1703 1838 1963 1898 Chelt.
2018 1838 2086 1898 um
2157 1840 2455 1900 Elmsted
2525 1838 2778 1898 suedl.
2832 1838 3322 1898 Canterbury;

260 1913 504 1973 dieser
566 1911 734 1971 Name
796 1912 918 1972 ist
980 1910 1140 1970 auch
1210 1912 1324 1972 aus
1386 1913 1500 1973 den
1563 1914 1999 1974 Korrupteln
2069 1913 2183 1973 der
2246 1913 2459 1973 Cott.
2522 1911 2636 1971 und
2698 1915 2911 1975 Lips.
2974 1910 3226 1970 allen¬

256 1985 458 2045 falls
521 1985 957 2045 erkennbar.
1013 1988 1183 2048 Fuer
1248 1985 1364 2045 die
1427 1986 1816 2046 Datierung
1887 1982 1910 2042 -
1973 1984 2050 2044 ob
2114 1985 2183 2045 an
2247 1985 2504 2045 Thomas
2567 1985 2730 2045 oder
2793 1985 2862 2045 an
2926 1982 3221 2042 Richard

260 2066 659 2126 gerichtet
724 2065 747 2125 -
804 2068 1019 2128 fehlt
1084 2068 1284 2128 jeder
1349 2068 1924 2128 Anhaltspunkt.
1981 2068 2100 2128 Nur
2165 2066 2277 2126 die
2342 2065 2637 2125 Nennung
2702 2063 2813 2123 des
2886 2062 3221 2122 Bischofs

283 2148 896 2208 (Bartholomeus)
940 2148 1056 2208 von
1163 2148 1416 2208 Exeter
1481 2146 1873 2206 schraenkt
1938 2146 2053 2206 die
2108 2143 2318 2203 obere
2383 2144 2637 2204 Grenze
2702 2143 2817 2203 ein
2882 2143 3093 2203 wenig
3147 2142 3315 2202 ein.
