3508 2479
239 914 449 974 Tann.
462 918 531 978 IV
602 921 777 981 5,4.

265 373 423 410 148
2231 299 2445 359 JL.-

3128 324 3368 384 0165

219 422 380 482 Fl
595 439 1034 499 Conquestus
1098 435 1222 495 est
1286 437 1763 497 apostolatui
1827 440 2089 500 nostro
2140 438 2226 498 S.
2278 440 2679 500 clericus,
2731 443 2893 503 quod
2957 440 3081 500 cum

230 548 611 608 ecclesiam
677 548 750 608 de
817 548 1160 608 Wandesle
1227 551 1571 611 canonice
1638 553 1945 613 fuisset
2005 553 2304 613 adeptus
2408 551 2436 611 -
2547 553 2620 613 ea
2687 555 3170 615 nihilominus

245 658 690 718 exequatur.

232 769 659 829 Celestinus
725 771 893 831 III.
951 772 1435 832 Londoniensi
1501 772 1581 832 et
1639 772 2123 832 Wintoniensi
2188 775 2624 835 episcopis.
2739 775 3133 835 (1191-98)

234 1062 341 1122 Die
406 1062 657 1122 Kirche
724 1064 888 1124 muss
954 1062 1025 1122 in
1090 1064 1478 1124 Yorkshire
1544 1062 1846 1122 gesucht
1912 1063 2213 1123 werden,
2272 1063 2343 1123 da
2408 1064 2530 1124 die
2595 1065 3120 1125 erstinstanz¬

238 1135 472 1195 lichen
541 1135 844 1195 Richter
913 1135 1026 1195 der
1096 1136 1307 1196 Frior
1376 1135 1482 1195 von
1551 1137 1983 1197 Newborough
2052 1138 2165 1198 und
2234 1136 2355 1196 der
2417 1138 2856 1198 Praeceptor
2918 1137 3030 1197 und

227 1211 708 1271 Archidiakon
784 1211 895 1271 von
964 1212 1122 1272 York
1198 1211 1453 1271 waren.
