3508 2479
3024 254 3274 314 0170

178 351 483 411 zeigen,
545 348 705 408 dass
774 348 843 408 es
913 348 1073 408 sich
1135 348 1294 408 doch
1364 346 1432 406 um
1503 345 1617 405 den
1686 345 1984 405 sichtig
2046 342 2306 402 allein
2368 342 2436 402 in
2498 342 2719 402 Alc.,
2774 340 2942 400 Wig.
3004 339 3118 399 und
3187 339 3393 399 Brug,

181 422 604 482 erhaltenen
672 422 843 482 Text
904 419 1252 479 handelt.
1313 417 1610 477 Richard
1678 414 1982 474 Luvetot
2051 410 2169 470 ist
2237 412 2347 472 ein
2415 411 2481 471 in
2549 410 2668 470 der
2736 410 2899 470 Zeit
2959 407 3174 467 Hein-

162 492 370 552 richs
430 494 549 554 des
618 493 736 553 II.
804 490 1192 550 bekannter
1260 491 1835 551 normannischer
1903 488 2111 548 Baron
2187 485 2396 545 (vgl.
2456 485 2807 545 Lib.rub.
2823 482 3217 542 scaccarii

174 569 291 629 ed.
346 569 431 629 H.
487 569 705 629 Hall,
760 566 971 626 Index
1043 564 1300 624 s.v.);
1355 563 1754 623 Dinneleia
1817 560 2113 620 koennte
2186 558 2482 618 Dingley
2553 557 2622 617 in
2686 557 3131 617 Northants.
3195 557 3405 617 sein.

177 640 234 700 Da
299 640 557 700 Thomas
623 637 881 697 Becket
947 637 1199 697 beatus
1264 637 1522 697 martyr
1588 638 1889 698 genannt
1955 635 2163 695 wird,
2229 636 2487 696 stammt
2546 635 2660 695 das
2726 635 2984 695 Stueck
3050 633 3164 693 aus

162 716 277 776 der
344 718 511 778 Zeit
578 715 738 775 nach
804 715 1066 775 seiner
1133 711 1716 771 Kanonisation.
