3508 2479
276 964 523 1024 Wig.IV
584 957 712 1017 44.

263 313 397 373 154

2481 306 2638 366 JL.

3175 279 3422 339 0171

527 411 958 471 Conquestus
1031 408 1147 468 est
1205 410 1421 470 nobis
1487 410 1970 470 venerabilis
2036 408 2288 468 frater
2354 410 2612 470 noster
2671 409 2750 469 A.
2816 409 3205 469 episcopus

256 519 501 579 sancti
569 521 778 581 Asaph
846 521 1054 581 quod.
1115 521 1234 581 cum
1303 521 1645 581 ecclesia
1713 520 1967 580 sancti
2027 521 2423 581 Michaelis
2491 519 2557 579 de
2625 521 2744 581 Ken
2812 521 2879 581 ad
2947 519 3334 579 ecclesiam

255 632 408 692 suam
475 634 635 694 iure
702 634 1142 694 parochiali
1209 631 1648 691 pertineat,
1707 632 2147 692 Menevensis
2214 632 2601 692 episcopus
2669 631 2741 691 ad
2808 631 2917 691 eam
2984 632 3416 692 dedicandam

256 706 627 766 accessit

781 694 799 754 —

936 705 1140 765 sicut
1207 706 1558 766 decuerit
1625 703 2115 763 vindicemus.

264 817 650 877 Exoniensi
712 814 787 874 et
848 817 1335 877 Wigorniensi
1396 817 1843 877 episcopis.

2713 819 3118 879 (1175-81)

260 1106 644 1166 Datierung
714 1109 874 1169 nach
945 1107 1051 1167 den
1121 1108 1374 1168 Jahren
1437 1106 1551 1166 des
1622 1107 1967 1167 Bischofs
2029 1106 2298 1166 A(dam)
2352 1105 2467 1165 von
2529 1106 2651 1166 St.
2714 1106 2974 1166 Asaph.

265 1184 921 1244 Identifisierung
986 1184 1105 1244 des
1170 1183 1377 1243 Ortes
1450 1181 1562 1241 mir
1627 1181 2122 1241 unmoeglich.

280 1339 373 1399 ed.
421 1336 639 1396 Morey,
679 1333 1006 1393 Barth;-of
1054 1330 1155 1390 Ex.
1211 1325 1530 1385 (1177-81)
1570 1325 1741 1385 p.129

271 1415 357 1475 Ken
408 1410 429 1470 -
480 1412 659 1472 Keri,
704 1411 804 1471 now
855 1408 1027 1468 Kerry
1079 1405 1135 1465 in
1187 1406 1251 1466 S.
1295 1400 1886 1460 Montgomeryshire.
1966 1394 2074 1454 The
2125 1389 2413 1449 decretal
2457 1384 2773 1444 evidently
2825 1383 3033 1443 refers

278 1485 325 1545 to
381 1483 476 1543 the
531 1481 776 1541 dispute
825 1480 1070 1540 between
1126 1477 1220 1537 the
1276 1477 1405 1537 sees
1461 1475 1521 1535 of
1571 1474 1672 1534 St.
1721 1471 1891 1531 Asaph
1947 1468 2041 1528 and
2090 1467 2192 1527 St.
2241 1462 2486 1522 David's
2541 1459 2602 1519 in
2651 1459 2821 1519 which

280 1561 551 1621 Giraldus
605 1556 960 1616 Cambrensis
1013 1553 1217 1613 played
1271 1551 1292 1611 a
1346 1549 1672 1609 prominent
1718 1545 1853 1605 part
1915 1542 2110 1602 (Opera
2164 1539 2413 1599 1.32-9,
2459 1537 2564 1597 323
2603 1533 2784 1593 R.S.)
2830 1529 2927 1589 See

271 1635 476 1695 Lloyd,
521 1635 769 1695 History
822 1631 887 1691 of
932 1629 1107 1689 Wales
1160 1626 1372 1686 1.559.
1454 1623 1666 1683 Bishop
1718 1619 1849 1679 Adam
1902 1616 1997 1676 won
2049 1614 2151 1674 his
2203 1610 2334 1670 case
2386 1608 2452 1668 at
2497 1605 2599 1665 the
2644 1602 2892 1662 Lateran

278 1707 555 1767 Council,
604 1707 784 1767 1179,
827 1705 930 1765 but
972 1701 1076 1761 the
1126 1698 1403 1758 decision
1459 1695 1555 1755 was
1612 1695 1785 1755 later
1827 1688 2153 1748 reversed.
2237 1684 2333 1744 The
2389 1680 2674 1740 decretal
2723 1674 2819 1734 may

271 1782 437 1842 refer
489 1781 553 1841 to
605 1780 662 1840 an
714 1778 967 1838 attempt
1011 1775 1076 1835 to
1127 1772 1373 1832 enforce
1425 1771 1526 1831 the
1578 1766 1860 1826 decision
1911 1763 1976 1823 of
2028 1765 2201 1825 1179.

2265 1774 2493 1834 (Horey
2546 1775 2753 1835 p.129
2808 1774 2983 1834 n.2)
