3508 2479
151 254 258 314 160
342 252 368 312 V

3080 279 3323 339 0178

346 362 738 422 G(anfred)
787 360 1053 420 Propst
1117 357 1226 417 von
1298 357 1643 417 Beverley
1715 359 1824 419 und
1895 357 2201 417 Kanzler
2265 354 2893 414 Jungheinrichs,
2957 346 3074 406 des

353 434 594 494 Sohnes
665 434 1056 494 Heinrichs
1127 433 1290 493 II.,
1353 431 1650 491 ertrank
1721 431 1877 491 nach
1948 428 2611 488 chronikalischen
2675 425 3159 485 Nachrichten
3230 422 3300 482 am

353 510 463 570 25.
520 506 916 566 September
989 505 1154 565 1177
1219 505 1337 565 auf
1393 503 1512 563 der
1576 502 2020 562 Ueberfahrt
2085 499 2195 559 von
2267 499 2561 559 England
2633 497 2790 557 nach
2863 494 2981 554 der

350 580 730 640 Normandie
802 580 1016 640 (vgl.
1073 580 1278 640 Eyton
1350 578 1421 638 S.
1485 578 1699 638 219);
1756 575 2016 635 danach
2081 574 2199 634 die
2264 572 2708 632 Datierung.
2764 572 2882 632 Das
2947 569 3247 629 Streit¬

338 652 595 712 objekt
656 649 1277 709 Kirkleavington
1347 649 1468 709 ist
1529 647 1877 707 dasselbe
1946 644 2059 704 wie
2128 643 2195 703 in
2264 644 2386 704 JL.
2447 643 2659 703 13942
2766 642 3022 702 Causam
3092 639 3204 699 que

1986 721 2508 781 Extransuisse
2581 719 3110 779 conquestione

339 730 553 790 inter
665 728 836 788 (Nr.
897 727 1068 787 111)
1129 727 1239 787 und
1361 727 1488 787 JL.
