3508 2479
311 1178 711 1238 Roff.121.

294 378 437 438 161

2308 336 2447 396 JI.

3154 309 3393 369 0179

663 480 1139 540 Constitutus
1205 479 1362 539 apud
1435 480 1550 540 nos
1616 480 1961 540 dilectus
2027 477 2280 537 filius
2345 477 2605 537 noster
2671 478 3016 538 magister

308 595 688 655 Stephanus
755 591 1144 651 Blesensis
1217 592 1331 652 sua
1397 591 1605 651 nobis
1671 590 2110 650 assertione
2176 589 2658 649 monstravit,
2725 590 2882 650 quod
2948 590 3062 650 pro

305 700 643 760 magistro
701 702 786 762 G.
843 700 913 760 de
985 701 1231 761 Insula
1304 699 1374 759 in
1438 697 1735 757 recessa
1807 697 1919 757 suo
1984 697 2011 757 a
2075 696 2373 756 Bononia
2444 694 2514 754 ad
2579 696 2833 756 preces
2898 697 3151 757 ipsius

310 809 365 869 in
439 794 599 854 vade
664 810 921 870 marcas
978 811 1501 871 Sterlingorum
1575 810 1912 870 legalium
1986 808 2057 868 et
2123 810 2508 870 communium
2574 807 2597 867 -
2663 808 3185 868 creditoribus

294 921 840 981 satisfactum.
900 920 1077 980 Dat.
1093 918 1261 978 Rome

307 1033 549 1093 Lucius
615 1034 785 1094 III.
843 1032 1150 1092 Johanni
1209 1031 1557 1091 episcopo
1623 1029 2111 1089 Norwicensi.
2225 1029 2435 1089 (1181
2493 1029 2663 1089 Nov.
2721 1029 2947 1089 Dec.)

298 1323 405 1383 Bis
476 1321 590 1381 auf
653 1321 768 1381 den
838 1322 1092 1382 Anfang
1163 1321 1549 1381 woertlich
1619 1318 2330 1378 uebereinstimmend
2393 1315 2515 1375 mit
2578 1318 2700 1378 JL.
2763 1312 2971 1372 14963
3033 1314 3102 1374 an

298 1396 403 1456 den
472 1396 910 1456 Erzbischof
979 1396 1091 1456 von
1160 1396 1643 1456 Canterbury.
1705 1396 1871 1456 Aber
1933 1393 2189 1453 sowohl
2251 1390 2598 1450 Adressat
2667 1390 2779 1450 wie
2841 1389 3233 1449 Schuldner

317 1472 516 1532 (dort
578 1471 785 1531 Peter
855 1468 970 1528 von
1032 1469 1301 1529 Blois)
1356 1470 1470 1530 wie
1533 1468 1647 1528 die
1717 1470 1924 1530 Hoehe
1987 1468 2110 1528 der
2172 1465 2702 1525 geschuldeten
2764 1462 2971 1522 Summe

321 1546 516 1606 (dort
577 1545 644 1605 15
705 1542 870 1602 Mark
939 1543 1339 1603 Sterling)
1393 1542 1550 1602 sind
1619 1540 2153 1600 verschieden,
2207 1539 2463 1599 sodass
2532 1538 2961 1598 anzunehmen
3023 1539 3195 1599 ist,

302 1620 455 1680 dass
525 1620 639 1680 der
701 1618 1139 1678 Glaeubiger
1209 1620 1369 1680 Mag.
1432 1620 1730 1680 Stephan
1800 1617 1915 1677 von
1977 1617 2184 1677 Blois
2254 1612 2460 1672 wegen
2530 1613 2775 1673 beider
2846 1611 3090 1671 Faelle

302 1692 407 1752 bei
468 1692 588 1752 dem
657 1692 868 1752 Papst
930 1690 1360 1750 vorstellig
1429 1689 1685 1749 wurde.
1747 1690 1867 1750 Der
1928 1689 2003 1749 G.
2064 1687 2139 1747 de
2208 1688 2457 1748 Insula
2518 1686 2646 1746 ist
2708 1684 2873 1744 wohl
2934 1681 3365 1741 schwerlich

308 1765 553 1825 Walter
620 1766 739 1826 von
800 1763 1245 1823 Chatillon,
1306 1763 1424 1823 der
1484 1763 1826 1823 bekannte
1894 1761 2250 1821 Richter,
2303 1759 2556 1819 dessen
2624 1756 3196 1816 interessantes

306 1838 360 1898 in
431 1838 728 1898 Bologna
799 1837 1229 1897 gehaltenes
1300 1835 1605 1895 Gedicht
1669 1835 1785 1895 (K.
1840 1835 2239 1895 Strecker,
2302 1832 3194 1892 Moralisch-satirische

310 1911 642 1971 Gedichte
709 1911 1007 1971 Walters
1075 1908 1148 1968 v.
1199 1910 1373 1970 Ch.,
1432 1907 1864 1967 Heidelberg
1940 1910 2147 1970 1929,
2206 1911 2280 1971 33
2339 1904 2521 1964 n.3)
2572 1904 2778 1964 weist
2846 1901 2961 1961 auf

322 1985 519 2045 einen
586 1984 1022 2044 Aufenthalt
1089 1983 1154 2043 in
1221 1985 1665 2045 Italien(7)
1898 1981 2112 2041 1174,
2170 1976 2648 2036 spaetestens
2715 1974 2862 2034 1176
2929 1976 3101 2036 hin,

302 2065 643 2125 waehrend
714 2065 822 2125 das
894 2067 1509 2127 Parallelstueck
1579 2068 1695 2128 JL.
1758 2064 1967 2124 14963
2031 2064 2139 2124 von
2210 2066 2419 2126 einer
2483 2066 2645 2126 z.Z.
2709 2067 2825 2127 des
2888 2066 3229 2126 Lateran-

319 2141 668 2201 konzils,
717 2145 886 2205 also
954 2147 1161 2207 1179,
1219 2146 1778 2206 eingegangenen
1845 2145 2413 2205 Verpflichtung
2480 2143 2687 2203 redet
2746 2143 2858 2203 und
2926 2143 3048 2203 die
3106 2143 3266 2203 hier

3022 2237 3121 2297 .
