3508 2479
148 243 276 303 161
342 235 378 295 v

3161 246 3421 306 0179

294 358 768 418 vorliegende
835 357 995 417 doch
1061 359 1229 419 wohl
1287 358 1359 418 in
1425 357 1771 417 dieselbe
1837 357 2005 417 Zeit
2071 356 2418 416 gehoert.
2483 355 2555 415 Da
2620 353 2781 413 auch
2846 352 2967 412 der
3033 351 3338 411 Bischof

296 428 399 488 von
467 430 763 490 Norwich
831 428 949 488 die
1017 428 1322 488 Sentenz
1382 428 1908 488 vollstrecken
1976 425 2192 485 soll,
2245 422 2556 482 handelt
2616 422 2689 482 es
2750 421 2912 481 sich
2980 419 3053 479 um

292 501 485 561 einen
560 503 626 563 in
694 503 990 563 England
1058 502 1406 562 taetigen
1466 502 1547 562 G.
1608 500 1674 560 de
1741 500 1993 560 Insula
2061 498 2179 558 und
2247 497 2313 557 es
2388 495 2640 555 bleibt
2707 496 2773 556 zu
2834 497 3375 557 untersuchen,

288 575 347 635 ob
415 578 630 638 nicht
691 575 988 635 Stellen
1055 578 1174 638 aus
1242 575 1360 635 der
1420 575 2000 635 Korrespondenz
2061 575 2410 635 Johannes
2478 572 2596 632 von
2657 572 3050 632 Salisburg

288 649 397 709 auf
457 649 712 709 diesen
779 651 946 711 mag.
1013 648 1357 708 Galterus
1424 646 1496 706 de
1563 646 1811 706 Insula
1885 646 1950 706 zu
2017 644 2361 704 beziehen
2435 643 2647 703 sind,
2699 640 2874 700 datt
2940 640 3057 700 auf

300 726 365 786 W.
424 725 504 785 v.
556 727 730 787 Ch.,
789 727 913 787 dh.
972 727 1044 787 ob
1111 724 1329 784 nicht
1388 721 1555 781 zwei
1615 721 2140 781 verschiedene
2206 721 2549 781 Personen
2615 718 2870 778 dieses
2937 718 3191 778 Namens

288 800 727 860 anzunehmen
800 799 1015 859 sind.

306 987 361 1047 ed
447 966 1468 1026 Chodocn-Rggrn,Nr.
1526 945 1623 1005 be
