3508 2479
321 1496 558 1556 Sang.V
629 1498 830 1558 12,12
902 1501 1201 1561 (S.243:
1255 1501 1430 1561 ab).
1484 1502 1792 1562 Abrinc.
1845 1503 1880 1563 V
1942 1507 2435 1567 10,4(S.378:
2489 1507 2699 1567 abc).
2753 1510 3017 1570 Alan.V
3079 1519 3422 1579 13,3(b).

315 1575 618 1635 Fuld.II
667 1581 889 1641 21,II
949 1582 1112 1642 (5).
1172 1583 1206 1643 B
1266 1584 1348 1644 II
1408 1584 1570 1644 16,8
1631 1584 1805 1644 (b).

335 320 450 380 166

2102 263 2219 323 JL.
2279 266 2491 326 17632

3125 273 3385 333 0183

595 395 1069 455 Constitutus
1129 398 1203 458 in
1271 402 1662 462 presentia
1722 402 1979 462 nostra
2047 405 2396 465 dilectus
2556 405 2806 465 filius
2865 408 3122 468 noster

319 502 390 562 J:
447 502 844 562 presbiter
910 501 1020 561 sua
1085 508 1291 568 nobis
1363 512 1801 572 querimonia
1866 513 2447 573 demonstravit,
2504 518 2663 578 quod
2736 518 2846 578 cum
2919 519 3037 579 per
3142 521 3221 581 J.

333 617 618 677 quondam
691 617 1027 677 personam
1100 620 1435 680 ecclesie
1501 620 1572 680 de
1638 622 2023 682 Westwelle
2139 615 2167 675 -
2269 624 2798 684 nichilominus
2871 630 3350 690 exequantur.

320 724 478 784 Dat.
529 724 888 784 Lateran.
906 726 980 786 VI
1039 729 1163 789 id.
1181 730 1573 790 ianuarii,
1633 728 1707 788 Ve
1775 733 1934 793 anno
2001 733 2527 793 pontificatus
2595 735 2761 795 ind.
2779 733 2945 793 IIa.

322 835 770 895 Celestinus

861 839 974 899 ep.
1036 841 1302 901 S.S.D.
1364 841 1814 901 venerabili
1875 844 2141 904 fratri
2203 846 2744 906 Lincolniensi
2814 847 3163 907 episcopo

319 944 381 1004 et
437 944 789 1004 dilectis
852 948 1103 1008 filiis
1175 948 1245 1008 de
1308 949 1519 1009 Thame
1591 949 1661 1009 et
1717 952 1794 1012 de
1858 954 2164 1014 Brueria
2228 954 2611 1014 abbatibus
2682 956 2752 1016 in
2817 960 3349 1020 Lincolniensi

314 1053 615 1113 diocesi
675 1056 1161 1116 constitutis
1265 1059 1440 1119 sal.
1500 1060 1573 1120 et
1640 1061 1757 1121 ap.
1817 1061 1985 1121 ben.

2350 1065 2694 1125 Laterano
2767 1066 2927 1126 1196
2992 1068 3264 1128 Jan.8.

335 1165 455 1225 (a)
554 1166 1048 1226 Constitutus
1114 1168 1187 1228 in
1301 1165 1324 1225 -

1392 1172 1963 1232 appellationis
2033 1175 2352 1235 pisit.

338 1276 454 1336 (b)
548 1275 890 1335 Quocirca
953 1277 1442 1337 discretioni
1544 1275 1574 1335 -
1684 1280 1979 1340 similia
2050 1283 2618 1343 pertisuescant
2688 1285 2844 1345 (JL.
2907 1288 3209 1348 17632).

327 1387 436 1447 (c)
531 1384 790 1444 Testes
861 1387 1065 1447 autem
1136 1389 1253 1449 qui
1357 1389 1387 1449 -
1498 1390 1984 1450 exequantur.

299 1719 385 1779 a)
433 1722 605 1782 etc.
668 1722 746 1782 et
810 1723 1021 1783 infra
1132 1725 1437 1785 Alan.B.

1545 1723 1624 1783 b)
1681 1728 1848 1788 Dat.
1905 1728 2033 1788 nur
2098 1731 2313 1791 Abr.;
2379 1731 2498 1791 die
2563 1731 3147 1791 Indiktionsan¬

459 1790 609 1850 gabe
674 1796 848 1856 ist,
912 1796 1022 1856 wie
1087 1799 1292 1859 schon
1357 1799 1618 1859 Singer
1682 1799 1753 1859 S.
1809 1798 1929 1858 244
1993 1800 2167 1860 not.
2223 1802 2294 1862 30
2366 1802 2667 1862 angibt,
2724 1802 2937 1862 irrig
3002 1804 3112 1864 und
3184 1806 3247 1866 zu

446 1865 896 1925 streichen.

1157 1871 1237 1931 c)
1287 1871 1498 1931 volle
1564 1874 1735 1934 Adr.
1793 1874 1914 1934 nur
1980 1874 2192 1934 Abr.;
2250 1875 2469 1935 Sang:
2527 1875 2689 1935 Idem
2755 1877 2975 1937 Linc.
3033 1879 3162 1939 ep.

448 1939 512 1999 et
571 1938 643 1998 de
710 1940 872 2000 Tame
939 1940 1011 2000 et
1070 1941 1143 2001 de
1209 1946 1552 2006 Labruere
1618 1947 1831 2007 abb.;
1930 1949 2019 2009 B:
2069 1946 2511 2006 Celestinus
2585 1948 2830 2008 (Idem,
2889 1949 3190 2009 Clemens
3257 1952 3419 2012 III.

437 2015 645 2075 Linc.
707 2020 827 2080 ep.
881 2020 958 2080 dt
1020 2020 1097 2080 de
1160 2021 1411 2081 Thamie
1482 2023 1785 2083 (Thame:
1839 2024 2108 2084 Alan.)
2161 2026 2239 2086 et
2292 2026 2369 2086 de
2431 2025 2736 2085 Labrire
2798 2026 3057 2086 (Lebr.
3111 2023 3371 2083 Alan.,

458 2095 628 2155 abb.

2867 2154 2965 2214 .
