3508 2479
115 261 231 321 166

3127 243 3362 303 0183

322 364 429 424 Das
491 360 799 420 Stueck,
861 357 1114 417 allein
1184 356 1252 416 in
1324 353 1484 413 Abr.
1547 348 2077 408 vollstaendig
2147 340 2724 400 ueberliefert,
2788 335 2956 395 gibt
3018 330 3179 390 eine

333 429 533 489 Frage
601 431 763 491 auf.
823 429 942 489 Der
1010 427 1350 487 Priester
1418 422 1498 482 J.
1560 420 1767 480 wurde
1827 420 1945 480 von
2012 417 2131 477 dem
2199 414 2502 474 Pfarrer
2570 410 2971 470 (persona)
3016 408 3097 468 J.
3157 406 3275 466 als

334 501 529 561 Vikar
597 500 717 560 der
779 500 1034 560 Kirche
1103 500 1216 560 von
1285 494 1632 554 Westwell
1700 491 2281 551 (Oxfordshire)
2334 485 2771 545 angestellt
2834 482 3044 542 unter
3112 474 3225 534 Zu¬

330 578 666 638 stimmung
729 575 850 635 des
913 572 1533 632 Kirchenpatrons
1603 567 1848 627 Wilheh
1918 565 2032 625 und
2102 563 2216 623 des
2286 559 2814 619 Archidiakons
2876 554 3236 614 R(obert)

330 649 436 709 von
499 650 751 710 Oxford
821 644 1027 704 gegen
1097 645 1305 705 einen
1375 640 1849 700 jaehrlichen
1919 639 2080 699 Zins
2150 635 2265 695 von
2335 635 2403 695 20
2465 632 2863 692 Shilling.
2926 627 3040 687 Der

330 724 758 784 Nachfolger
822 721 938 781 des
1001 718 1352 778 Pfarrers
1415 715 1539 775 J.,
1595 715 1672 775 G.
1735 715 1805 775 de
1876 709 2273 769 Boilande,
2329 704 2585 764 wollte
2649 702 2765 762 dem
2836 698 3046 758 Vikar
3109 696 3225 756 die

329 799 573 859 Kirche
641 795 893 855 nehmen
961 793 1078 853 und
1146 793 1532 853 verlangte
1600 786 1948 846 Verzicht
2017 781 2216 841 coram
2291 780 2632 840 capitulo
2700 778 2766 838 de
2833 774 3278 834 Langeford.

330 874 436 934 Ein
507 868 1128 928 Regularkapitel
1190 864 1535 924 Langford
1598 860 1766 920 gibt
1828 857 1896 917 es
1966 856 2227 916 nicht,
2289 853 2449 913 wohl
2519 850 2680 910 aber
2742 849 2956 909 kommt
3019 844 3133 904 ein

327 945 704 1005 Landdekan
778 942 841 1002 in
907 939 1253 999 Langford
1327 933 1907 993 (Oxfordshire)
1965 927 2085 987 vor
2158 924 2585 984 (Cartulary
2651 921 2722 981 of
2788 916 3141 976 Eynsham,

326 1017 442 1077 ed.
498 1018 575 1078 H.
638 1014 896 1074 Salter
959 1012 989 1072 I
1045 1010 1130 1070 67
1185 1010 1263 1070 n.
1326 1008 1490 1068 55).
1553 1007 1669 1067 Ich
1741 1001 2037 1061 vermute
2100 999 2365 1059 daher,
2420 995 2584 1055 dass
2648 993 2725 1053 es
2788 992 2951 1052 sich
3014 990 3084 1050 um

318 1088 427 1148 ein
486 1086 977 1146 Landkapitel
1044 1080 1373 1140 handelty
1447 1079 1557 1139 und
1631 1074 1791 1134 wenn
1858 1069 1974 1129 das
2041 1064 2437 1124 zutrifft,
2496 1060 2709 1120 waere
2776 1056 2892 1116 das
2959 1053 3207 1113 Stueck

315 1163 463 1223 fuer
534 1160 650 1220 die
721 1157 1112 1217 englische
1176 1149 1840 1209 Pfarrorgfnation
1903 1141 2121 1201 nicht
2186 1136 2341 1196 ohne
2412 1129 2850 1189 Interesse.
2913 1127 3029 1187 Der
3093 1122 3350 1182 Archi-

310 1238 563 1298 diakon
625 1232 985 1292 R(obert)
1040 1227 1246 1287 wurde
1316 1224 1469 1284 1174
1539 1218 1846 1278 Bischof
1909 1215 2023 1275 von
2085 1211 2484 1271 Hereford;
2539 1205 2661 1265 die
2723 1200 2937 1260 erste
3000 1195 3160 1255 Ein¬

321 1308 613 1368 weisung
680 1307 796 1367 des
863 1301 1118 1361 Vikars
1185 1296 1258 1356 J.
1318 1295 1485 1355 muss
1552 1292 1712 1352 also
1779 1288 1983 1348 ueber
2050 1287 2123 1347 20
2190 1281 2394 1341 Jahre
2469 1277 3090 1337 zurueckliegen.

313 1456 427 1516 Ed.
481 1454 700 1514 Mansi
764 1447 1019 1507 22,626
1082 1447 1161 1507 ex
1224 1445 1435 1505 B(1).
1489 1440 1692 1500 d.Fu
1975 1437 2196 1497 Gingu
2259 1424 3213 1484 cemplahos,75

323 1560 372 1620 ed
445 1551 1205 1611 Holtiman-Kens,
1257 1543 1480 1603 Papal
1542 1531 2353 1591 decutalineder,
2385 1532 2567 1592 Nr2
