3508 2479
349 1003 512 1063 Cus.
562 1004 696 1064 36.
746 1008 1191 1068 Chelt.6,8.
1250 1012 1695 1072 Lips.1,19.
1745 1013 2190 1073 Rot.10,19.
2249 1011 2510 1071 Tann.V
2570 1015 2781 1075 7,11=
2842 1014 2966 1074 III
3026 1014 3286 1074 14,21.

344 1080 553 1140 Sang.
610 1083 688 1143 VI
745 1085 910 1145 8,13
978 1087 1322 1147 (S.271).
1379 1080 1689 1140 Abrinc.
1748 1083 1835 1143 VI
1881 1083 2013 1143 8,7
2080 1087 2425 1147 (S.381).

353 312 482 372 167

2534 279 2652 339 JL.
2713 279 2914 339 14081

3172 259 3433 319 0184

607 419 1085 479 Constitutus
1153 422 1227 482 in
1295 422 1683 482 presentia
1744 425 2005 485 nostra
2073 423 2417 483 dilectus
2485 424 2738 484 filius
2807 426 3060 486 noster
3128 429 3202 489 J.

348 527 958 587 Silvanectensis
1025 531 1464 591 canonicus,
1525 533 1688 593 bone
1755 533 2052 593 memorie
2113 536 2194 596 0.
2255 535 2552 595 quondam
2619 536 3013 596 Tusculani

345 637 700 697 episcopi
772 637 1134 697 clericus

1190 637 1204 697 -
1318 640 1769 700 dimidiarum
1847 642 2011 702 sunt
2073 643 2479 703 deputate.

340 748 730 808 Alexander
798 747 1002 807 III.2
1115 751 1413 811 Remensi
1470 754 2048 814 archiepiscopo
2116 754 2189 814 et
2256 754 2824 814 Bellovacensi“
2938 755 3282 815 episcopo

1994 866 2281 926 (117172
2340 861 2368 921 -
2426 864 2560 924 81)

337 1223 411 1283 a)
465 1229 631 1289 p.c.
731 1226 1222 1286 Constitutus
1284 1229 1359 1289 in
1421 1229 1640 1289 pres.
1702 1229 1860 1289 (nur
1929 1232 2231 1292 Tann.):
2331 1232 2679 1292 Preterea
2748 1234 2823 1294 si
2885 1232 3407 1292 cognoveritis

611 1298 1003 1358 deputate:
1111 1301 1326 1361 Tann.
1342 1305 1696 1365 Sang.Abr

2005 1301 2089 1361 b)
2136 1304 2258 1364 nur
2329 1303 2544 1363 Rot.,
2607 1304 2823 1364 sonst
2885 1304 3100 1364 Idem.

338 1369 414 1429 c)
466 1369 688 1429 fehlt
791 1371 1200 1431 Cus.Rot.,

1285 1375 1603 1435 Bello.

1693 1375 1947 1435 Lips.;
2006 1375 2325 1435 Chelt.:
2384 1377 2828 1437 Parisiensi
2894 1378 3017 1438 ep.
3076 1376 3149 1436 et

477 1441 726 1501 abbati
792 1444 1050 1504 sancti
1116 1446 1470 1506 Remigii.

349 1590 864 1650 Vollstaendig
928 1592 1054 1652 ist
1119 1591 1229 1651 das
1293 1594 1546 1654 Stueck
1611 1594 1737 1654 nur
1802 1596 1873 1656 in
1929 1596 2190 1656 Chelt.
2246 1596 2832 1656 ueberliefert,
2889 1594 3142 1654 woraus

337 1665 815 1725 hervorgeht,
870 1666 1038 1726 dass
1101 1665 1217 1725 das
1287 1667 1355 1727 in
1426 1670 1633 1730 Sang.
1696 1671 2090 1731 gedruckte
2152 1670 2592 1730 Teilstueck
2654 1670 2777 1730 mit
2839 1670 2955 1730 dem
3025 1671 3379 1731 Incipit:

352 1734 691 1794 Preterea
758 1738 831 1798 si
892 1738 1380 1798 cognoveris,
1440 1742 1595 1802 quod
1662 1740 2053 1800 predictus
2158 1740 2461 1800 hierher
2529 1740 2831 1800 stammt.

334 1811 768 1871 Allerdings
833 1811 953 1871 hat
1011 1813 1131 1873 die
1196 1813 1453 1873 Chelt.
1519 1814 1671 1874 eine
1736 1814 2033 1874 falsche
2107 1814 2638 1874 Inskription,
2695 1814 2856 1874 denn
2921 1814 2993 1874 im
3058 1812 3218 1872 Text

341 1880 589 1940 selbst
650 1880 763 1940 ist
832 1882 944 1942 der
1013 1883 1450 1943 Erzbischof
1519 1883 1632 1943 von
1693 1886 1904 1946 Reims
1966 1886 2403 1946 angeredet.
2464 1886 2584 1946 Ich
2646 1886 2856 1946 halte
2918 1882 3128 1942 daher

346 1952 461 2012 die
528 1955 725 2015 durch
793 1957 1006 2017 Lips.
1024 1958 1230 2018 Tann.
1247 1960 1462 2020 Sang.
1480 1961 1776 2021 Abrinc.
1835 1961 2132 2021 belegte
2199 1960 2628 2020 Insciption
2696 1958 2860 2018 fuer
2919 1958 3265 2018 richtig.

336 2033 501 2093 Neue
564 2038 869 2098 Ausgabe
933 2038 1098 2098 vgl.
1161 2041 1335 2101 Anh.

1589 2042 1694 2102 Die
1760 2043 2161 2103 Datierung
2227 2041 2489 2101 ergibt
2547 2046 2711 2106 sich
2785 2044 2899 2104 aus
2966 2044 3079 2104 der

350 2111 659 2171 Angabe,
714 2113 830 2173 der
885 2113 1590 2173 Kardinalsbischof
1656 2118 1879 2178 O(do)
1934 2117 2040 2177 von
2105 2116 2446 2176 Tusculum
2512 2120 2628 2180 sei
2683 2120 3174 2180 verstorben;

3250 2162 3345 2222 .
