3508 2479
322 1191 526 1251 Tann.
538 1190 613 1250 IV
679 1192 895 1252 5,10.
951 1192 1209 1252 Sang.V
1275 1193 1427 1253 4,10
1461 1197 1807 1257 (S.227).
1862 1184 2207 1244 Abrinc.V
2273 1189 2760 1249 5,7(S.377).
2817 1181 2989 1241 Dun.
3001 1181 3075 1241 IV
3131 1182 3259 1242 96.

312 391 452 451 168

2404 318 2531 378 JL.
2597 310 2623 370 -

3162 324 3412 384 0185

639 498 1113 558 Constitutus
1179 499 1252 559 in
1318 499 1705 559 presentie
1771 500 2026 560 nostra
2094 497 2436 557 dilectus
2503 497 2757 557 filius
2817 497 3072 557 noster
3138 500 3481 560 magister

312 616 384 676 A.
451 610 567 670 sua
626 608 839 668 nobis
905 610 1432 670 conquestione
1499 609 1989 669 monstravit,
2048 611 2260 671 quod,
2319 611 2436 671 cum
2503 608 2890 668 ecclesiam
2957 608 3030 668 de
3097 609 3439 669 Drandham

328 720 661 780 canonice
731 718 1034 778 fuisset
1095 717 1452 777 adeptus,
1506 719 1947 779 Nich(olaus

2129 720 2475 780 clericus
2537 719 2744 779 coram
2815 718 3122 778 dilectis

322 829 566 889 fillis
634 829 935 889 nostris
1002 828 1076 888 de
1134 830 1483 890 Fontibus
1550 829 1624 889 et
1682 829 1757 889 de
1814 831 2078 891 Rivaps
2136 829 2531 889 abbatibus
2636 825 2663 885 -
2769 829 2937 889 fine
3005 829 3344 889 canonico

321 927 822 987 terminetis.

318 1041 574 1101 Lucius
646 1041 822 1101 III.

320 1336 399 1396 a)
456 1332 750 1392 Drandam
854 1334 1124 1394 Tann.,
1181 1331 1482 1391 Trandan
1588 1332 1762 1392 Abr.
2002 1332 2089 1392 b)
2137 1329 2216 1389 N.
2368 1327 2766 1387 Sang.Abr.

314 1409 390 1469 c)
443 1408 708 1468 Revall
864 1410 1043 1470 Abr.

320 1555 430 1615 Die
495 1553 1159 1613 Identifizierung
1224 1554 1343 1614 der
1407 1551 1660 1611 Kirche
1724 1551 1842 1611 ist
1906 1551 2024 1611 mir
2089 1548 2302 1608 nicht
2359 1548 2754 1608 gelungen;
2811 1543 2881 1603 da
2953 1542 3016 1602 in
3088 1541 3341 1601 erster

320 1629 606 1689 Instanz
668 1629 782 1689 die
851 1629 1062 1689 Aebte
1131 1626 1243 1686 von
1306 1628 1699 1688 Fountains
1769 1624 1881 1684 und
1950 1623 2299 1683 Rievaulx
2360 1621 2480 1681 mit
2542 1620 2662 1680 der
2725 1620 2936 1680 Sache
2997 1615 3117 1675 be¬

308 1704 517 1764 fasst
578 1701 839 1761 waren,
899 1703 1063 1763 muss
1124 1701 1244 1761 sie
1312 1701 1476 1761 wohl
1544 1701 1611 1761 in
1679 1699 2068 1759 Yorkshire
2137 1698 2443 1758 gesucht
2504 1695 2810 1755 werden.
