3508 2479
356 1522 650 1582 Cott.IV
714 1528 829 1588 10.
893 1531 1106 1591 Tann.
1116 1533 1151 1593 V
1206 1538 1419 1598 1,17.
1483 1539 1696 1599 Sang.
1715 1539 1786 1599 VI
1849 1546 2376 1606 1,23(S.255).
2430 1550 2831 1610 Abrinc.VI
2886 1554 3421 1614 1,14(S.379).

351 1600 508 1660 Dun.
530 1603 602 1663 IV
666 1605 833 1665 105.
887 1608 1107 1668 Alan.
1119 1611 1244 1671 III
1297 1616 1560 1676 11,un.
1613 1618 1654 1678 B
1708 1621 1833 1681 III
1897 1623 2338 1683 11,1.Fuld.
2360 1626 2474 1686 III
2538 1631 2757 1691 12,2.

361 425 512 485 171

2370 343 2486 403 JL.
2539 345 2720 405 1419

3169 295 3404 355 0188

738 500 1212 560 Constitutus
1278 507 1341 567 in
1415 509 1801 569 presentis
1867 515 2124 575 nostra
2189 518 2261 578 G.
2326 521 2673 581 clericus
2738 527 3124 587 multimoda

375 604 579 664 nobis
635 611 1165 671 conquestione
1231 617 1719 677 monstravit,
1774 628 1935 688 quod
2002 626 2119 686 cum
2187 629 2531 689 dimidias
2598 635 2803 695 unius
2869 637 3041 697 anni

359 714 659 774 decimas
719 717 795 777 et
855 724 1291 784 oblationes
1360 730 1699 790 ecclesie
1769 733 1836 793 de
1905 737 2253 797 Blasebia
2410 742 2710 802 persona
2769 747 3069 807 ipsius,

366 826 439 886 W.
489 830 988 890 Trussebut"/
1047 834 1390 894 patronus
1457 841 1801 901 iamdicte
1859 847 2211 907 ecclesie
2278 849 2350 909 ei
2409 852 2802 912 predictas
2868 857 3163 917 decimas

372 930 437 990 et
496 936 933 996 oblationes
999 942 1341 1002 abstulit
1408 948 1480 1008 et
1539 951 1750 1011 ipsam
1816 954 2202 1014 ecclesiam
2269 957 2341 1017 G.
2400 960 2662 1020 fratri
2721 960 2837 1020 suo
2903 966 3296 1026 subtraxit

363 1044 434 1104 et
490 1047 742 1107 cuidam
808 1051 970 1111 alii
1126 1056 1206 1116 G.
1263 1056 1662 1116 videlicet
1808 1064 2198 1124 capellano
2263 1068 2479 1128 regis
2536 1071 2980 1131 concessit,
3045 1077 3162 1137 qui
3226 1077 3334 1137 eam

368 1143 425 1203 in
497 1158 791 1218 manibus
857 1163 1339 1223 canonicorum
1404 1168 1475 1228 de
1541 1171 1886 1231 Torneton
1952 1175 2303 1235 commisit

2487 1181 3165 1241 satisfactionem

362 1268 810 1328 exhibeant.

356 1378 746 1438 Alexander
817 1381 990 1441 III.

2273 1401 2668 1461 (1159-78)

351 1743 432 1803 a)
483 1749 788 1809 Blestia
855 1752 1126 1812 Cott.;
1186 1758 1350 1818 vgl.
1417 1758 1730 1818 Friedb.
1789 1761 1862 1821 ad
1929 1764 2012 1824 c.
2062 1766 2334 1826 not.2.

2406 1764 2493 1824 b)
2550 1766 2621 1826 so
2687 1774 3143 1834 Cott.Tann.

354 1820 373 1880 c

477 1823 695 1883 fehlt
758 1826 984 1886 Alan.
1048 1829 1125 1889 B.

1339 1826 1425 1886 d)
1473 1833 1827 1893 scilicet
1931 1839 2198 1899 Cott.;
2262 1841 2561 1901 quondam
2664 1846 2979 1906 Alan.B.

362 1894 433 1954 e)
482 1895 641 1955 Idem
802 1901 1201 1961 Sag.Abr.;
1258 1903 1425 1963 ohne
1498 1906 1705 1966 Insk.
1810 1907 2025 1967 Cott.

362 2044 432 2104 In
496 2046 614 2106 der
678 2054 1293 2114 Ueberlieferung
1357 2060 1474 2120 des
1539 2064 1971 2124 Ortsnamens
2036 2070 2288 2130 steckt
2352 2074 2469 2134 ein
2534 2080 2840 2140 Fehler;
2896 2083 2967 2143 es
3031 2087 3148 2147 ist

361 2127 575 2187 nicht
638 2132 975 2192 Blesebia
1048 2138 1426 2198 (Bersab.,
1437 2144 1928 2204 Plesembia),
1981 2149 2277 2209 sondern
2339 2155 2645 2215 Ulcebia
2708 2156 2779 2216 zu
2841 2158 3096 2218 lesen.
