3508 2479
24 234 155 294 171
216 225 256 285 v

3180 260 3420 320 0188

304 319 505 379 Totam
568 321 778 381 illam
841 322 1103 382 pørtem
1167 320 1508 380 ecclesie
1581 320 1694 380 (in
1756 321 2107 381 Vlseby),
2170 320 2327 380 quam
2389 321 2784 381 Zanfridus
2857 320 3198 380 capellan

298 396 496 456 regis
570 396 823 456 tenuit
887 396 1231 456 schenkte
1296 397 1686 457 Zanfridus
1751 396 2003 456 filius
2077 393 2421 453 Willelmi
2485 393 2884 453 Trussebut
2948 393 3056 453 den

292 465 721 525 Kanonikern
794 466 1183 526 vonWartre
1249 467 1367 527 und
1432 465 1821 525 Alexänder
1894 470 2060 530 III.
2117 464 2603 524 bestaetigte
2675 465 2834 525 dies
2906 466 3065 526 1176

307 540 721 600 (Registrum
791 542 1358 602 Antiquissimum
1429 542 1504 602 of
1567 542 1681 602 the
1751 542 2005 602 church
2067 542 2143 602 of
2205 539 2504 599 Lincoln
2574 539 2696 599 ed.
2751 538 3188 598 C.W.Foster

293 622 360 682 II
420 617 537 677 276
598 616 723 676 ff.
783 617 1036 677 nr.578
1113 617 1281 677 att.
1299 617 1416 677 III
1476 617 1551 677 u.
1611 617 1779 677 IV).
1840 617 1957 677 Ein
2025 614 2329 674 anderer
2389 615 2557 675 Teil
2617 616 2734 676 der
2803 614 3055 674 Kirche

302 685 410 745 von
470 687 731 747 Ulceby
797 687 957 747 aber
1023 691 1365 751 gehoerte
1431 690 1547 750 den
1613 688 2050 748 Kanonikern
2123 688 2232 748 von
2298 688 2640 748 Thornton
2713 685 2778 745 am
2844 685 3091 745 Humber

284 763 670 823 genaueres
744 761 948 821 deber
1015 762 1131 822 die
1197 760 2044 820 Besitzverhaeltnisse
2111 760 2366 820 bietet
2433 761 2549 821 der
2615 760 2783 820 Lib.
2842 758 3009 818 ant.
3069 761 3280 821 Hugo¬

292 837 397 897 nis
466 836 676 896 Wells
738 836 814 896 S.
875 835 950 895 41
1011 836 1184 896 fuer
1246 837 1359 897 den
1428 838 1684 898 Anfang
1746 835 1867 895 des
1936 835 2056 895 13.
2110 835 2284 895 Jhs:
2345 834 2639 894 vicaria
2708 833 2776 893 in
2845 834 3192 894 ecclesia

294 906 352 966 de
419 908 725 968 Hulseby
792 906 908 966 que
975 907 1091 967 est
1158 908 1501 968 eorundem
1619 908 1918 968 (scil.:
1977 905 2869 965 abbatiseteconventus
2936 903 3008 963 de
3075 906 3418 966 Thornton

298 978 634 1038 Vicarius
699 981 958 1041 solvet
1023 981 1359 1041 annuatim
1432 981 1869 1041 tantummodo
1935 981 2322 1041 sinodalia
2388 979 2466 1039 et
2524 981 2875 1041 predicti
2933 978 3141 1038 abbas
3213 978 3284 1038 et

290 1056 673 1116 conventus
743 1055 819 1115 et
875 1055 1090 1115 prior
1154 1056 1230 1116 et
1294 1056 1683 1116 conventus
1753 1053 1822 1113 de
1893 1055 2143 1115 Wartre
2206 1053 2700 1113 procurabunt
2757 1051 3146 1111 hospicium

292 1128 861 1188 archidiaconi.
924 1128 946 1188 -
1010 1129 1173 1189 Auch
1244 1127 1313 1187 in
1376 1128 1500 1188 dem
1564 1127 1906 1187 Privileg
1969 1127 2272 1187 Richard
2336 1127 2460 1187 I.,
2515 1124 3325 1184 Mon.Angl.nov.ed.VI

303 1202 415 1262 326
476 1202 603 1262 n.2
664 1202 1054 1262 erscheint
1115 1202 1235 1262 die
1303 1202 1640 1262 ecclesia
1709 1201 1777 1261 de
1845 1201 2100 1261 Ulseby
2161 1200 2280 1260 als
2341 1198 2596 1258 Besitz
2665 1199 2777 1259 von
2838 1199 3235 1259 Thornton.

298 1275 495 1335 Ueber
561 1273 677 1333 den
744 1276 1138 1336 Gaufridus
1204 1274 1635 1334 capellanus
1701 1274 1913 1334 regis
1980 1274 2147 1334 vgl.
2207 1271 2557 1331 Delisle,
2616 1271 2783 1331 Rec.
2843 1269 2959 1329 des
3025 1267 3229 1327 actes

289 1348 578 1408 d'Henry
644 1351 764 1411 II,
830 1348 1354 1408 Introduction
1428 1352 1588 1412 372;
1646 1345 1864 1405 ueber
1929 1345 2316 1405 Willelmus
2382 1343 2777 1403 Trussebut
2843 1342 3052 1402 ebda.
3109 1337 3229 1397 503

292 1422 459 1482 Euer
521 1420 635 1480 die
705 1420 1094 1480 Datierung
1156 1420 1323 1480 gibt
1386 1420 1499 1480 nur
1569 1420 1683 1480 das
1753 1420 2135 1480 erwaehnte
2205 1417 2770 1477 Papstprivileg
2840 1417 2999 1477 fuer
3062 1415 3313 1475 Wartre

291 1492 487 1552 einen
552 1492 905 1552 gewissen
969 1494 1279 1554 Anhalt:
1329 1489 1400 1549 da
1471 1489 1640 1549 dort
1704 1492 1909 1552 schon
1973 1491 2361 1551 Gaufridus
2432 1489 2552 1549 der
2617 1489 2778 1549 Sohn
2842 1486 2954 1546 des

295 1566 672 1626 Wilhelmus
743 1566 1136 1626 Trussebut
1199 1566 1508 1626 genannt
1563 1566 1732 1626 ist,
1794 1565 2095 1625 duerfte
2166 1563 2288 1623 die
2343 1563 2737 1623 Schenkung
2807 1562 2922 1622 des
2985 1560 3239 1620 Vaters

293 1641 600 1701 frueher
665 1641 972 1701 liegen.

328 1797 483 1857 edl.
521 1785 1318 1845 Haltzman-Rmp,
1356 1774 1584 1834 tgd
1670 1772 2527 1832 dentlo-Lhedle,
2553 1761 2697 1821 Nr.
