3508 2479
343 979 552 1039 Erkf.
603 979 823 1039 20,4.
884 976 1104 1036 Gilb.
1115 978 1333 1038 Brux.
1344 978 1464 1038 III
1525 975 1785 1035 17,6d.
1846 972 2066 1032 Clar.
2077 972 2106 1032 I
2167 969 2716 1029 2(s.inscr.)*

330 430 457 490 ﻿174

2246 318 2363 378 JL.

3115 310 3392 370 0191

606 497 1083 557 Constitutus
1145 497 1220 557 in
1289 497 1676 557 presentia
1745 493 1996 553 nostra
2065 494 2140 554 G.
2202 494 2596 554 presbiter
2665 493 2778 553 sua
2840 492 3051 552 nobis

338 614 768 674 assertione
834 611 1316 671 monstravit,
1382 612 1535 672 quod
1609 610 1820 670 licet
1879 608 1951 668 de
2010 606 2229 666 hiis,
2289 606 2412 666 qui
2471 605 2630 665 bona
2697 604 2814 664 sua
2880 604 3230 664 detinent
3289 595 3310 655 -

334 721 633 781 congrua
705 721 820 781 non
892 718 1248 778 relaxes.

339 834 484 894 Idem
561 832 961 892 Senonensi
1024 832 1654 892 archiepiscopo.

2472 820 2874 880 (1159-81)

338 1124 442 1184 Der
510 1121 808 1181 Klaeger
876 1121 994 1181 hat
1062 1120 1315 1180 vorher
1376 1118 1494 1178 das
1555 1118 1868 1178 Gericht
1921 1113 2039 1173 des
2108 1113 2450 1173 Bischofs
2518 1113 2637 1173 von
2705 1112 2905 1172 Paris
2973 1110 3413 1170 angerufen.

340 1200 467 1260 NNur
532 1198 595 1258 in
661 1198 781 1258 der
846 1198 966 1258 Hs.
1023 1197 1102 1257 F.
1160 1195 1288 1255 ist
1345 1193 1464 1253 die
1522 1193 2140 1253 Namensinitiale
2206 1190 2326 1250 des
2391 1187 2728 1247 Bischofs
2802 1185 2921 1245 mit
2978 1185 3057 1245 A.

339 1273 678 1333 gegeben,
740 1271 855 1331 was
918 1266 1358 1326 unmoeglich
1420 1268 1589 1328 ist,
1644 1267 1813 1327 denn
1883 1264 1998 1324 die
2061 1262 2369 1322 Pariser
2432 1262 2817 1322 Bischoefe
2887 1258 3002 1318 zur
3065 1254 3234 1314 Zeit

335 1346 765 1406 Alexanders
836 1345 999 1405 III.
1063 1342 1265 1402 waren
1337 1339 1586 1399 Petrus
1658 1337 2150 1397 (Lombardus)
2205 1334 2314 1394 und
2385 1331 2823 1391 Mauricius.
2886 1327 3002 1387 Das
3066 1326 3222 1386 Idem

340 1420 451 1480 der
517 1420 725 1480 Frkf.
791 1418 960 1478 geht
1018 1414 1137 1474 auf
1203 1416 1316 1476 den
1389 1414 1453 1474 in
1518 1414 1686 1474 20,2
1744 1410 2139 1470 genannten
2204 1408 2647 1468 Alexander.
2705 1407 2818 1467 Die
2883 1403 3180 1463 Kapelle

327 1492 399 1552 s.
459 1495 671 1555 Petri
731 1492 803 1552 de
870 1492 1083 1552 Fonte
1143 1490 1266 1550 ist
1326 1489 1546 1549 nicht
1606 1486 1906 1546 genauer
1973 1483 2039 1543 zu
2113 1480 2553 1540 bestimmen.

324 1596 340 1656 A
392 1605 643 1665 2.20.47
686 1604 786 1664 ter
839 1602 897 1662 in
948 1602 1124 1662 Paris
1176 1604 1309 1664 lat.
1362 1605 1529 1665 16410
1589 1605 1714 1665 (St.
1766 1605 2018 1665 Victor)
2062 1606 2162 1666 ed.
2205 1605 2449 1665 Fransen
2509 1605 2567 1665 in
2618 1605 2896 1665 Mélanges
2956 1605 3048 1665 Van
3099 1602 3351 1662 Cauwen-

325 1674 490 1734 bergh
552 1677 822 1737 (Louvain
884 1677 1059 1737 1961)
1104 1681 1356 1741 p.246f.
1392 1680 1618 1740 No.74.

310 1749 563 1809 Clemens
608 1748 720 1808 III
765 1751 939 1811 marg.
984 1755 1009 1815 A
1071 1755 1166 1815 (G.
1202 1752 1498 1812 Fransen,
1543 1752 1874 1812 mündlich)
1954 1747 1979 1807 ?

282 1819 689 1879 Conquestus
743 1817 840 1877 est
894 1822 1106 1882 (om.A)
1142 1821 1203 1881 in
1258 1823 1577 1883 presentia
1622 1820 1834 1880 nostra
1879 1823 1949 1883 G.
1995 1823 2126 1883 (Wn.
2172 1826 2392 1886 Clar.)
2430 1823 2748 1883 presbiter
2803 1823 2979 1883 quod,
3024 1825 3192 1885 licet
3237 1826 3298 1886 de
3343 1826 3449 1886 his

329 1897 430 1957 qi
474 1895 609 1955 bona
661 1896 754 1956 sua
806 1898 865 1958 et
917 1903 1054 1963 (om.
1097 1905 1318 1965 Clar.)
1362 1898 1643 1958 ecclesie
1695 1901 1822 1961 sibi
1875 1901 2156 1961 commisse
2242 1901 2386 1961 (vel
2430 1902 2608 1962 eccl.
2618 1903 2754 1963 sibi
2798 1903 2933 1963 com.
2977 1904 3113 1964 iura
3165 1905 3343 1965 Cilb)

344 1971 702 2031 detinent..
778 1979 918 2039 Clar
975 1980 1136 2040 Gilb.
