3508 2479
354 915 659 975 Wig.VII
709 912 841 972 80.

166 291 492 443 175
2336 293 2460 353 JL.

3194 336 3431 396 0192

557 434 1035 494 Constitutus
1104 431 1172 491 in
1241 434 1629 494 presentia
1698 433 1956 493 nostra
2018 432 2184 492 Hugo
2246 431 2595 491 clericus
2657 435 3006 495 supplici
3068 431 3280 491 nobis

342 543 726 603 relatione
789 545 1235 605 proposuit,
1298 546 1506 606 quod,
1568 544 1683 604 cum
1753 545 2138 605 ecclesiam
2209 542 2277 602 de
2347 545 2825 605 Winchelseia
2895 542 3241 602 canonice

352 655 872 715 obYinuisset,
929 656 1234 716 O.nmpos
1291 654 1550 714 Rogeri
1655 646 1682 706 -
1785 654 1868 714 O.
1934 652 2323 712 silentium
2390 654 2826 714 imporatis.

2748 759 3142 819 (1164-79)

348 766 821 826 Wigorniensi
884 765 1235 825 episcopo
1298 767 1369 827 et
1432 766 1688 826 priori
1742 766 1824 826 de
1887 766 2422 826 Kinildewøde.

2269 954 2325 1014 Vu

339 1059 628 1119 Lohmann
694 1058 814 1118 hat
879 1059 1177 1119 richtig
1242 1059 1588 1119 bemerkt,
1646 1059 1806 1119 dass
1880 1056 2088 1116 statt
2154 1056 2629 1116 Winchelseis
2703 1055 2766 1115 zu
2832 1056 3040 1116 lesen
3106 1053 3274 1113 ist:

344 1132 767 1192 Witleseia,
791 1132 901 1192 und
969 1130 1088 1190 das
1156 1130 1318 1190 dies
1386 1130 1497 1190 das
1565 1130 1772 1190 erste
1841 1130 2093 1190 Stueck
2161 1130 2360 1190 eines
2428 1127 2815 1187 laengeren
2890 1125 3276 1185 Prozesses

346 1206 503 1266 ist,
562 1208 636 1268 zu
704 1205 811 1265 dem
887 1206 952 1266 in
1020 1205 1410 1265 spaeteren
1469 1205 1768 1265 Stadien
1835 1205 2000 1265 noch
2068 1205 2408 1265 Wig.VIII
2476 1204 2550 1264 75
2634 1201 3007 1261 'Pervenit
3066 1199 3132 1259 ad

337 1275 485 1335 nos'
553 1278 664 1338 und
776 1277 902 1337 VII
970 1280 1036 1340 72
1119 1277 1491 1337 'Accedens
1559 1277 1625 1337 ad
1692 1278 2175 1338 presentiam'
2236 1274 2637 1334 gehoeren.
2698 1274 2816 1334 Die
2876 1274 3128 1334 Kirche
3196 1271 3307 1331 von

349 1352 769 1412 Whittlesey
841 1350 996 1410 wird
1067 1350 1183 1410 als
1246 1350 1503 1410 Besitz
1566 1351 1682 1411 der
1745 1350 2548 1410 Benedektiner-Abtei
2611 1347 2907 1407 Thorney
2970 1346 3039 1406 in
3103 1344 3227 1404 dem

339 1425 668 1485 Privileg
742 1426 1169 1486 Alexanders
1242 1429 1363 1489 III
1461 1429 1589 1489 JL.
1655 1426 1856 1486 10808
1970 1425 2041 1485 an
2107 1423 2365 1483 erster
2422 1423 2679 1483 Stelle
2745 1423 2808 1483 in
2883 1422 2995 1482 der
3060 1420 3357 1480 Besitz-

338 1501 540 1561 liste
613 1501 972 1561 genannt.
