3508 2479
300 908 508 968 Brug.
569 916 778 976 56,3.
839 908 1058 968 Sang.
1069 907 1188 967 VII
1249 907 1736 967 121(S.306).
1799 909 1967 969 Abr.
2018 908 2147 968 VII
2208 909 2376 969 10,2
2447 908 2556 968 (S.
2617 904 2835 964 364).

268 314 403 450 177
2158 285 2283 345 JL.

3104 268 3366 328 0194

562 426 1051 486 Constitutus
1116 426 1187 486 in
1253 428 1649 488 presentia
1708 427 1966 487 nostra
2032 427 2103 487 J.
2169 428 2651 488 subdiaconus
2717 429 3105 489 canonicus

304 539 784 599 Londunensis
844 538 1048 598 lator
1119 538 1549 598 presentium
1619 537 1735 597 sua
1795 538 2010 598 nobis
2070 539 2599 599 insinuatione
2659 539 3138 599 monstravit,

302 646 448 706 quod
519 647 638 707 cum
708 648 917 708 inter
981 647 1190 707 ipsum
1261 646 1330 706 et
1394 649 1512 709 He.
1576 647 1925 707 novercam
1996 648 2149 708 suem

2211 640 2233 700 -
2340 649 2654 709 vinculo
2723 652 3280 712 astringatis.

299 758 446 818 Idem
513 757 771 817 decano
838 757 919 817 et
979 758 1325 818 capitulo
1392 757 1738 817 Remensi.

2477 751 3275 811 (1159116S-70)

240 1300 586 1360 Connection
640 1299 774 1359 with
828 1298 1001 1358 other
1048 1299 1295 1359 letters
1350 1298 1703 1358 concerning
1757 1298 2111 1358 litigation
2165 1294 2405 1354 between
2459 1292 2559 1352 the
2606 1294 2927 1354 sudieacon
2981 1292 3040 1352 I.
3088 1290 3187 1350 and
3235 1289 3334 1349 his

238 1371 585 1431 stepmother
639 1370 698 1430 in
745 1370 812 1430 HS
858 1372 1031 1432 Arras
1085 1370 1183 1430 964
1237 1369 1328 1429 (JL
1382 1369 1593 1429 11494,
1639 1370 1850 1430 11759,
1896 1369 2115 1429 12426)
2161 1368 2259 1428 and
2314 1367 2479 1427 their
2533 1365 2812 1425 probable
2866 1366 3001 1426 date
3055 1366 3334 1426 1168-70:

242 1450 668 1510 Falkenstein,
729 1449 1111 1509 'Decretalia
1164 1446 1493 1506 Remensia'
1547 1449 1673 1509 (see
1727 1444 1786 1504 WH
1839 1447 1973 1507 141)
2027 1444 2273 1504 175-80.
