3508 2479
309 266 437 326 179
508 264 537 324 v

3090 327 3330 387 0196

313 410 412 470 d)

499 399 515 459 -
574 411 699 471 lag
809 413 1393 473 Bridl.Claud.,
1452 414 1711 474 Rippet

1844 411 2105 471 Font.;
2156 411 2467 471 Ripalia
2578 415 2753 475 Cl.;
2806 416 3116 476 Ripalai
3218 417 3495 477 Chelt.

446 482 740 542 Ripelei
846 485 1116 545 Cott.;
1173 485 1524 545 Repeleia
1628 485 1900 545 Tann.,
1956 488 2172 548 Ripal
2276 487 2491 547 Brug.

453 554 514 614 so
584 560 800 620 Alc.;
855 561 931 621 R.
1033 560 1582 620 Cott.Chelt.;
1684 560 1899 620 sonst
1962 560 2038 620 W.

314 629 341 689 f

446 632 700 692 soweit
763 632 979 692 Font.
995 634 1251 694 Wiggr.
1267 635 1483 695 Tann.
1499 635 1715 695 Sang.
1724 635 1893 695 Abr.

2213 641 2300 701 g)
2349 632 2421 692 so
2487 632 2986 692 Font.Cott.;

446 704 594 764 Idem
705 706 876 766 Alc.
893 707 1103 767 Sang.
1120 706 1330 766 Abr.;
1394 706 1604 766 fehlt
1668 706 1926 766 Bridl.
1943 706 2201 766 Claud.
2217 706 2483 766 Chelt;
2538 706 2702 766 ohne
2765 706 3031 766 Inskr:
3087 707 3305 767 Flor.

447 781 988 841 Cus.C1.Brug.

1129 829 1519 889 Sernardus

316 924 831 984 Vollstaendig
905 926 970 986 in
1036 925 1207 985 Alc.
1225 924 1477 984 Bridl.
1495 924 1798 984 Claud.,
1856 924 1978 984 die
2044 925 2248 985 Namen
2314 924 2387 984 am
2454 924 3157 984 vollstaendigsten

304 996 362 1056 in
431 999 599 1059 Alc.
668 999 777 1059 (so
846 999 1006 1059 auch
1075 1001 1463 1061 Bernardes
1533 999 1744 1059 nepos
1804 999 1887 1059 B.
1940 996 2159 1056 statt
2219 999 2294 1059 B.
2356 999 2566 1059 nepos
2626 1001 2761 1061 B.)
2813 999 2888 1059 In
2949 998 3159 1058 Flor.

318 1071 421 1131 und
489 1073 659 1133 Cus.
719 1073 1060 1133 mehrfach
1127 1072 1475 1132 gekuerzt
1551 1071 1706 1131 (nur
1766 1071 1885 1131 bis
1945 1071 2345 1131 imponas).
2405 1071 2523 1131 Die
2591 1072 2976 1132 strittige
3043 1071 3295 1131 Kirche

324 1145 444 1205 ist
501 1144 847 1204 offenbar
913 1146 1165 1206 Ripleg
1231 1145 1296 1205 in
1362 1142 1754 1202 Yorkshire
1821 1142 2166 1202 (noerdl.
2224 1142 2709 1202 Harrogate).
2766 1141 2971 1201 Ueber

319 1216 602 1276 Wilhelm
672 1215 1070 1275 Trussebut
1132 1216 1292 1276 vgl.
1362 1214 1515 1274 auch
1600 1216 2106 1276 'Constitutus
2176 1214 2244 1274 in
2314 1215 3111 1275 presentia'JL.14193

990 1289 1094 1349 Die
1162 1287 1369 1347 Frkf.
1437 1289 1697 1349 bringt
1757 1289 1876 1349 nur
1944 1289 2144 1349 einen
2212 1288 2516 1348 Auszug:
2584 1287 2739 1347 Ipse
2807 1286 3007 1346 autem
3083 1287 3238 1347 sen¬

302 1289 430 1349 No.
487 1289 670 1349 171.

312 1360 511 1420 tinus
579 1360 654 1420 se
721 1360 1163 1420 pregravari

1390 1362 1911 1422 appellatione
1978 1360 2234 1420 remota
2301 1362 2653 1422 imponas,
2712 1361 2829 1421 der
2896 1361 3057 1421 auch

311 1435 364 1495 in
435 1435 558 1495 der
621 1438 830 1498 Mitte
901 1438 1062 1498 noch
1125 1435 1482 1495 gekuerzt
1545 1435 1714 1495 ist.
