3508 2479
358 1020 561 1080 Tann.
573 1020 647 1080 IV
713 1023 927 1083 5,17.
982 1021 1423 1081 Rot.31,36.
1478 1020 1692 1080 Sang.
1715 1020 1735 1080 V
1801 1020 1961 1080 4,22
1995 1023 2327 1083 (S.233).
2382 1014 2736 1074 Abrinc.V
2802 1017 3328 1077 5,13(S.377).

332 1094 502 1154 Dun.
512 1094 591 1154 IV
664 1092 788 1152 98.

325 366 470 426 180

2346 293 2476 353 IL.

3143 238 3381 298 0198

656 434 1136 494 Constitutus
1196 432 1271 492 in
1331 431 1727 491 presentia
1795 432 2048 492 nostra
2108 430 2192 490 R.
2252 430 2512 490 pauper
2572 427 2917 487 clericus
2986 422 3238 482 lacri¬

340 543 591 603 mabili
657 544 1182 604 conquestione
1247 542 1455 602 nobis
1528 539 2017 599 monstravit,
2076 539 2291 599 quod,
2349 538 2464 598 cum
2537 536 2925 596 ecclesiam
2990 533 3061 593 de

337 653 553 713 Hamam

978 650 1463 710 impetratis.
1519 649 1647 709 Od
1713 649 1787 709 si
1853 649 2069 709 omnes
2135 647 2306 707 etc.
2361 642 2631 702 Dat.0)
2697 640 2965 700 Veron.

336 766 589 826 Lucius
654 766 821 826 III.
876 764 1139 824 abbati
1193 763 1276 823 de
1341 763 1552 823 forde
1616 760 1689 820 et
1839 750 1911 810 de
2071 760 2377 820 Totton.
2526 751 2599 811 et
2664 754 2747 814 R.
2897 754 3244 814 Cornubie

343 876 922 936 archidiaconis

2672 864 2971 924 (1164).

2075 1236 2155 1296 b)
2204 1235 2423 1295 fehlt
2481 1235 2651 1295 Rot.
2668 1235 2878 1295 Sang.
2895 1233 3065 1293 Abr.

521 1242 631 1302 häm
742 1241 1004 1301 Tann.;
1064 1241 1419 1301 N.Sang.;
1471 1240 1597 1300 ham
1708 1238 1877 1298 Rot.

336 1241 357 1301 a

1461 1310 1547 1370 d)
1596 1310 2188 1370 archidiacono;
2339 1307 2560 1367 fehlt
2616 1304 2789 1364 Rot.

510 1315 720 1375 fehlt
787 1312 1201 1372 Tann.Rot.

341 1318 429 1378 C)

345 1459 773 1519 Empfaenger
844 1458 999 1518 sind
1063 1457 1187 1517 der
1250 1458 1373 1518 Abt
1437 1456 1545 1516 von
1616 1456 1780 1516 Ford
1843 1456 1959 1516 und
2022 1455 2146 1515 die
2209 1453 2739 1513 Archidiakone
2802 1450 3152 1510 R(obert,

345 1531 446 1591 von
517 1533 765 1593 Totnes
836 1531 952 1591 und
1024 1531 1374 1591 (Walter)
1429 1532 1545 1592 von
1609 1528 1959 1588 Cornwall
2030 1526 2278 1586 (ueber
2342 1525 2551 1585 diese
2615 1525 2778 1585 vgl.
2841 1526 2918 1586 A.
2981 1523 3238 1583 Morey,

341 1608 816 1668 Bartholomew
881 1603 951 1663 of
1015 1605 1269 1665 Exeter
1334 1605 1412 1665 S.
1476 1603 1778 1663 114ff).
1834 1600 2143 1660 Frueher
2207 1600 2333 1660 mit
2389 1598 2508 1658 der
2573 1597 2778 1657 Sache
2850 1593 3151 1653 befasst

337 1678 536 1738 waren
606 1679 720 1739 der
783 1678 1089 1738 Bischof
1151 1677 1266 1737 von
1336 1677 1450 1737 Ely
1520 1675 1635 1735 und
1697 1674 1819 1734 der
1882 1674 2003 1734 Abt
2066 1671 2180 1731 von
2250 1673 2649 1733 Croyland,
2704 1667 2826 1727 die
2888 1666 3141 1726 aller¬

334 1750 537 1810 dings
607 1751 864 1811 weitab
925 1749 1273 1809 wohnten.
1335 1749 1410 1809 Da
1479 1749 1592 1809 ein
1661 1749 1964 1809 Bericht
2026 1744 2146 1804 des
2215 1742 2556 1802 Bischofs
2625 1740 3193 1800 Hartholomawus

345 1823 451 1883 von
514 1826 766 1886 Exeter
836 1824 1188 1884 erwaehnt
1251 1822 1458 1882 wird,
1521 1820 1635 1880 der
1705 1823 1773 1883 am
1843 1822 1965 1882 15.
2020 1818 2373 1878 Dezember
2435 1815 2596 1875 1184
2666 1814 2926 1874 starb,
2980 1813 3095 1873 und
3165 1811 3279 1871 das

333 1895 578 1955 Stueck
654 1897 817 1957 laut
877 1895 1093 1955 Tann.
1153 1895 1272 1955 aus
1340 1893 1593 1953 Verona
1661 1892 2011 1952 datiert,
2072 1893 2235 1953 kann
2303 1889 2369 1949 es
2437 1889 2556 1949 nur
2624 1886 2742 1946 aus
2803 1886 2921 1946 dem
2989 1885 3197 1945 Jahre

337 1970 488 2030 1184
552 1970 766 2030 sein.
831 1972 949 2032 Der
1006 1970 1364 2030 Ortsname
1420 1967 1547 2027 ist
1611 1967 1682 2027 so
1747 1968 2097 2028 schlecht
2161 1964 2742 2024 ueberliefert,
2799 1961 2965 2021 dass
3030 1956 3196 2016 eine

342 2047 686 2107 genauere
754 2047 1326 2107 Lokalisierung
1394 2047 1553 2107 kaum
1622 2047 1966 2107 moeglich
2034 2041 2202 2101 ist.
