3508 2479
346 1148 594 1208 Alcob.
660 1147 788 1207 72.
845 1146 1158 1206 Wig.VII
1213 1146 1341 1206 67.
1398 1146 1624 1206 Brug.
1669 1151 1851 1211 45,7

347 341 479 401 181

2540 261 2746 321 JL.-

3141 249 3391 309 0199

715 449 1198 509 Constitutus
1264 448 1335 508 in
1402 446 1788 506 presentia
1854 445 2112 505 nostra
2178 441 2572 501 Ricardus"
2678 442 3025 502 diaconus
3139 443 3348 503 lator

356 557 781 617 presentium
847 558 1241 618 constanti
1307 556 1515 616 nobis
1581 555 2015 615 assertione
2080 554 2531 614 proposuit,
2589 554 2806 614 quod"
2912 555 3023 615 cum
3089 553 3345 613 eccle¬

336 667 490 727 siam
560 667 775 727 beati
845 667 1060 727 Petri
1123 665 1199 725 de
1262 667 1616 727 Prestona

1764 667 2095 727 pacifice
2169 664 2661 724 possideret,
2721 666 2971 726 quidam
3045 663 3250 723 pres¬

347 779 551 839 biter
611 780 691 840 O.
750 779 1006 839 nomine
1117 769 1146 829 -
1257 776 1660 836 veritati.
1720 775 1880 835 Sane
1947 775 2027 835 si
2087 773 2203 833 his
2270 774 2710 834 exequendis
2776 772 2944 832 etc.

344 888 752 948 Alexander

864 887 978 947 ep.
1041 886 1117 946 s.
1179 886 1263 946 s.
1318 887 1440 947 Dei
1502 884 1955 944 venerabili
2018 885 2286 945 fratri
2348 885 2840 945 Lundoniensi
2903 885 3255 945 episcopo

357 1001 416 1061 et
478 999 780 1059 dilecto
852 1000 1063 1060 filio
1125 999 1386 1059 priori
1448 999 1518 1059 de
1580 999 2075 1059 Kineldewøde
2187 996 2358 1056 sal.
2410 996 2489 1056 et
2551 996 2681 1056 ap.
2733 999 2904 1059 ben.

2078 1287 2161 1347 b)
2222 1290 2381 1350 quia
2492 1289 2660 1349 Alc.

346 1289 421 1349 a)
473 1292 685 1352 Ricar
788 1295 1018 1355 Alc.;
1070 1295 1248 1355 Ric.
1308 1296 1572 1356 Brug.;
1624 1293 1709 1353 R.
1769 1293 1938 1353 Wig.

1520 1360 1535 1420 )
1590 1366 1798 1426 Brug.
1861 1366 2023 1426 ohne
2094 1362 2621 1422 Inskription;
2684 1362 2884 1422 volle
2955 1357 3249 1417 Adresse
3312 1360 3481 1420 Alc.

333 1370 416 1430 c)
468 1369 731 1429 Piston
894 1369 1122 1429 Brug.

2000 1439 2081 1499 e)
2131 1438 2434 1498 Kinelde
2541 1438 2713 1498 Alc.
2771 1438 2942 1498 Wig.

476 1444 780 1504 London.
843 1442 920 1502 et
985 1443 1250 1503 priori
1313 1438 1382 1498 de
1548 1442 1718 1502 Wig.

355 1591 461 1651 Die
531 1588 645 1648 von
708 1589 1006 1649 Lohmann
1076 1587 1604 1647 mitgeteilten
1674 1584 2018 1644 Lesarten
2081 1584 2195 1644 der
2265 1586 2433 1646 Wig.
2495 1582 2931 1642 gegenueber
2993 1581 3207 1641 Brug.

344 1665 592 1725 finden
654 1665 812 1725 sich
888 1665 1046 1725 auch
1115 1665 1183 1725 in
1252 1664 1417 1724 Alc.
1479 1660 2151 1720 Vorinstanzliche
2212 1658 2514 1718 Richter
2583 1656 2786 1716 Waren
2856 1656 2976 1716 der
3037 1653 3339 1713 Bischof

359 1737 652 1797 (Roger)
706 1736 818 1796 von
887 1732 1279 1792 Worcester
1349 1734 1461 1794 und
1530 1731 1650 1791 der
1712 1732 1839 1792 Abt
1901 1732 2164 1792 (Adam)
2218 1731 2331 1791 von
2400 1728 2754 1788 Evesham;
2808 1728 2928 1788 der
2997 1723 3298 1783 weiter¬

352 1811 454 1871 hin
527 1808 875 1868 genannte
939 1808 1422 1868 Archidiakon
1487 1805 1557 1865 de
1622 1805 2018 1865 Norfanton
2091 1804 2398 1864 (Brug.)
2448 1799 2574 1859 ist
2630 1801 3066 1861 natuerlich
3130 1797 3248 1857 der

351 1880 456 1940 von
520 1880 1108 1940 Northhampfon.
1166 1882 1285 1942 Der
1350 1878 1697 1938 Ortsname
1768 1879 2065 1939 Preston
2130 1877 2348 1937 kommt
2407 1875 2533 1935 oft
2591 1874 2760 1934 vor.
