3508 2479
340 1307 543 1367 Cott.
562 1309 680 1369 III
749 1308 868 1368 79.
929 1306 1098 1366 Pet.
1116 1306 1192 1366 II
1253 1306 1466 1366 30,2.
1527 1302 1876 1362 App.cod.
1894 1302 2107 1362 Linc.
2116 1298 2380 1358 Anh.8.
2433 1295 2654 1355 Tann.
2672 1295 2740 1355 IV
2800 1300 2970 1360 4,3.
3022 1296 3474 1356 Rot.31,35.

340 1381 592 1441 Sang.V
660 1383 824 1443 3,41
847 1381 1188 1441 (S.224).
1244 1375 1606 1435 Abrinc.V
1663 1375 1783 1435 4,2
1818 1377 2158 1437 (S.376).
2214 1372 2390 1432 Dun.
2403 1369 2478 1429 IV
2545 1368 2665 1428 88.

329 428 469 488 182

2350 275 2472 335 JL.

3144 319 3423 379 0201

647 495 1132 555 Constitutus
1197 494 1260 554 in
1332 494 1721 554 presentia
1786 492 2048 552 nostra
2112 489 2462 549 Walterus
2622 488 3051 548 presentium
3124 488 3338 548 lator

337 608 441 668 sua
509 607 717 667 nobis
785 602 1320 662 insinuatione
1388 603 1873 663 monstravit,
1941 604 2096 664 quod
2164 602 2283 662 eum
2351 601 2558 661 inter
2627 601 2834 661 ipsum
2902 602 2976 662 et
3036 599 3296 659 dilec¬

340 715 447 775 tos
511 717 769 777 filios
824 716 1137 776 nostres
1290 713 1594 773 abbatem
1658 715 1738 775 et
1793 715 2142 775 monachos
2205 711 2285 771 de
2340 712 2742 772 Abbendune
2895 708 3109 768 super

350 827 721 887 quibusdam
795 826 1094 886 decimis
1167 826 1372 886 terre
1437 826 1515 886 W.
1571 826 1643 886 in
1715 826 1872 886 loco
1944 824 2063 884 qui
2119 820 2427 880 dicitur
2492 819 2784 879 Mercham

345 936 631 996 inditio
699 935 1184 995 terminetise
1296 934 1549 994 nullis
1605 933 1958 993 litteris
2026 930 2290 990 etc.1)
2335 926 2600 986 Quods)
2667 927 2732 987 si
2789 927 3009 987 omnes
3065 926 3241 986 etc.

336 1050 592 1110 Lucius
655 1047 831 1107 III.
894 1047 1202 1107 Philipp

1279 1043 1649 1103 sancte
1717 1044 2154 1104 Frideswide
2222 1041 2297 1101 et
2357 1041 2431 1101 de
2491 1041 2751 1101 Essebi
2811 1039 3206 1099 prioribus

338 1157 408 1217 et
464 1157 820 1217 magistro
884 1157 962 1217 R.
1026 1157 1096 1217 de
1169 1154 1571 1214 Bedeford.

347 1486 539 1546 (auch
604 1489 675 1549 in
741 1486 1045 1546 Lambeth
1111 1485 1230 1545 105
1296 1483 1415 1543 ad.
1432 1483 1641 1543 marg.
1706 1486 1729 1546 1
1794 1486 2011 1546 Comp.
2028 1486 2099 1546 II
2156 1483 2372 1543 20,47
2438 1483 2694 1543 (bis);
2792 1477 3466 1537 inscr.:...Rober

338 1561 401 1621 to
466 1561 545 1621 de
610 1560 881 1620 Heref.

2422 1663 2501 1723 c)
2558 1665 2907 1725 Abendona
3028 1662 3298 1722 Tann.;

1522 1668 1597 1728 b)
1649 1668 1733 1728 N.
1835 1665 2062 1725 Sang.
2072 1666 2248 1726 Abr.

334 1671 410 1731 a)
472 1671 540 1731 so
602 1672 870 1732 Tann.;
932 1671 1199 1731 sonst:
1254 1671 1337 1731 W.

1836 1739 2046 1799 Tann.
2064 1740 2282 1800 Sañg.
2301 1737 2475 1797 Abr.

1359 1743 1706 1803 )Incham

468 1744 677 1804 abend
840 1743 1025 1803 Rot.

2337 1818 2421 1878 g)
2473 1808 2550 1868 et
2663 1808 3073 1868 Cott.Pet.

472 1817 721 1877 soweit
828 1819 1183 1879 App.Rot.
1289 1815 1377 1875 f)
1435 1814 1693 1874 soweit
1799 1814 2016 1874 Sang.
2025 1814 2146 1874 Abr

337 1888 426 1948 f)
477 1888 546 1948 so
608 1889 870 1949 Sang.;
931 1892 1101 1952 Phi.
1203 1890 1464 1950 Tann.;
1526 1890 1746 1950 fehlt
1807 1889 2069 1949 sonst;
2120 1892 2593 1952 sierfidewis
2665 1894 2926 1954 priori
2988 1892 3057 1952 et
3118 1892 3288 1952 mag.
3340 1894 3429 1954 R.

459 1973 522 2033 de
587 1973 946 2033 Bedeford
1107 1970 1282 2030 Rot.

340 2125 460 2185 Mit
530 2119 908 2179 Ausnahmen
979 2120 1099 2180 der
1160 2122 1323 2182 oben
1393 2119 1461 2179 zu
1522 2121 1608 2181 b)
1661 2119 1772 2179 und
1842 2120 1927 2180 d)
1980 2121 2359 2181 gegebenen
2429 2119 2774 2179 Lesarten
2844 2116 2963 2176 ist
3025 2115 3144 2175 der
3206 2116 3317 2176 von
