3508 2479
75 324 196 384 182
273 318 310 378 v

3079 309 3339 369 0201

301 422 546 482 Singer
614 422 1008 482 gedruckte
1069 421 1239 481 Text
1300 419 1746 479 brauchbar;
1806 418 2014 478 seine
2082 413 2245 473 Note
2306 411 2379 471 49
2455 412 2521 472 zu
2589 411 2700 471 den
2775 409 2976 469 Namen
3044 409 3162 469 der

1312 490 1373 550 de
1442 491 1881 551 Messendene
1950 488 2067 548 und
2129 488 2204 548 de
2273 482 2760 542 Dorkecester
2830 479 3124 539 abbates

319 494 708 554 frueheren
775 491 1075 551 Richter

308 569 375 629 et
437 569 732 629 priorem
801 568 875 628 de
944 567 1194 627 Derlee
1263 556 1285 616 -
1369 565 1513 625 :"in
1582 566 1945 626 A(brinc)
1999 561 2157 621 sind
2226 557 2339 617 die
2408 560 2612 620 Namen
2681 556 2847 616 noch
2916 557 3074 617 mehr

320 640 794 700 entstellt“,
848 639 976 699 ist
1037 638 1610 698 ueberflüssig,
1671 638 1837 698 denn
1905 637 2018 697 die
2087 635 2290 695 Namen
2359 631 2516 691 sind
2593 632 2886 692 voellig
2955 632 3302 692 richtig:

312 712 376 772 es
441 715 599 775 sind
672 712 786 772 die
851 714 1059 774 Aebte
1132 712 1246 772 von
1313 711 1701 771 Missenden
1773 709 1888 769 und
1953 706 2392 766 Dorchester
2458 706 2572 766 und
2645 705 2759 765 der
2825 701 3033 761 Frior
3098 701 3213 761 von

315 792 605 852 Derley.
665 790 828 850 Auch
895 789 961 849 in
1029 787 1147 847 der
1215 786 1512 846 Adresse
1587 786 1742 846 sind
1810 781 1921 841 die
1989 783 2196 843 Namen
2264 780 2620 840 richtig:
2673 778 2791 838 die
2859 775 3163 835 Prioren

316 863 608 923 Philipp
673 862 790 922 von
855 862 972 922 St.
1029 860 1471 920 Frideswide
1536 859 1606 919 in
1670 857 1923 917 Oxford
2003 853 2532 913 (cr.1160-88)
2589 850 2698 910 und
2763 849 3063 909 Canonds
3127 848 3340 908 Ashby

308 934 508 994 sowie
576 935 694 995 der
762 935 1103 995 magister
1172 933 1246 993 R.
1306 930 1379 990 de
1447 928 1789 988 Bedeford
1864 926 2073 986 (wohl
2133 924 2475 984 Robertus
2543 920 2616 980 de
2677 919 3078 979 Bedeford,
3138 916 3256 976 der

312 1008 372 1068 um
449 1007 607 1067 1193
676 1006 789 1066 als
858 1005 1252 1065 Kanoniker
1314 1003 1426 1063 von
1497 1003 1799 1063 Lincoln
1868 999 2262 1059 vorkommt,
2316 999 2490 1059 Reg.
2551 999 2718 1059 ant.
2780 996 2854 1056 of
2916 996 3211 1056 Lincoln

324 1086 430 1146 III
492 1083 614 1143 321
676 1077 1204 1137 f.n.987-89).
1266 1077 1381 1137 Nur
1451 1077 1565 1137 der
1627 1074 1971 1134 Ortsname
2041 1071 2155 1131 der
2225 1071 2440 1131 Tann.
2448 1071 2662 1131 Sang.
2724 1069 2838 1129 und
2908 1067 3068 1127 Abr.
3130 1062 3252 1122 ist

319 1154 749 1214 entstellt;
809 1153 874 1213 es
941 1149 1064 1209 ist
1124 1151 1422 1211 Mercham
1497 1148 1562 1208 zu
1629 1148 1891 1208 lesen:
1943 1145 2250 1205 Marcham
2317 1141 2799 1201 unmittelbar
2866 1139 3208 1199 westlich

312 1228 422 1288 von
493 1229 910 1289 Abingdon.
