3508 2479
14 246 134 306 184
219 240 246 300 v

3099 281 3304 341 1204

1246 346 1323 406 b)
1378 347 1641 407 s.s.D.
1696 345 1812 405 und
1929 339 2192 399 sal.et
2255 338 2565 398 ap.ben.
2667 337 2790 397 nur
2900 335 3209 395 Dun.I1.

434 354 596 414 Dat.
655 354 785 414 nur
851 351 1071 411 Belv.

303 353 390 413 a)

429 426 588 486 Sim.
652 425 810 485 oder
883 426 1049 486 Sym.
1153 422 1367 482 Dert.
1384 419 1876 479 Eb.Cc.Vict.
1893 416 2059 476 Aur.
2076 414 2290 474 Belv.
2307 411 2560 471 Bridl.
2577 409 2839 469 Claud.

297 425 319 485 C

434 497 641 557 Ques.
746 497 1090 557 beginnen
1203 494 1515 554 Cant.I.
1572 491 1795 551 Roff.

309 497 322 557 d

437 564 500 624 so
565 571 765 631 enden
879 572 1281 632 Berol.gr.
1338 566 1602 626 Chelt.
1620 566 1828 626 Cott.
1845 565 2013 625 App.
2030 558 2287 618 Bb.gr.
2345 558 2561 618 Brug.
2578 557 2786 617 Frkf.
2804 554 3156 614 Sang.gr.
3206 554 3381 614 AX.

1103 650 1187 710 g)
1242 640 1457 700 folgt
1520 639 1681 699 eine
1744 637 1812 697 in
1883 636 1998 696 den
2068 635 2238 695 Text
2301 632 2647 692 geratene
2710 626 3018 686 Glosse:
3073 626 3296 686 Licet

436 646 505 706 Et
568 643 637 703 de
754 643 978 703 Dert.

299 648 374 708 f.

437 720 500 780 de
565 716 733 776 iure
839 708 870 768 -
976 717 1378 777 indulgeat
1435 710 1869 770 facultatem
1982 706 2102 766 ed.
2159 708 2425 768 Singer
2490 704 2602 764 295
2667 703 2883 763 N.96:
2941 701 3109 761 Dun.
3126 703 3245 763 II,

437 793 639 853 Tann.
705 793 924 853 Sang.

290 940 448 1000 Dass
509 939 630 999 das
699 936 773 996 c.
836 933 1320 993 Propositum,
1382 930 1503 990 das
1564 930 1639 990 in
1685 930 1783 990 L.
1837 926 2049 986 unter
2118 926 2238 986 der
2300 923 2641 983 gleichen
2710 918 2966 978 Nummer

304 1014 780 1074 verzeichnet
833 1008 1003 1068 ist,
1071 1008 1181 1068 ein
1249 1004 1687 1064 besonderer
1748 1002 1963 1062 Brief
2023 999 2193 1059 ist,
2254 999 2372 1059 hat
2432 994 2737 1054 Lohmann
2804 994 2878 1054 S.
2931 988 3012 1048 69

294 1086 401 1146 mit
463 1086 678 1146 Recht
741 1080 1317 1140 gestgestellt.
1380 1075 1687 1135 Friedb.
1742 1074 2187 1134 behauptet,
2242 1072 2503 1132 Albini
2566 1067 2688 1127 sei
2751 1066 2865 1126 die
2935 1063 3142 1123 rich¬

304 1157 460 1217 tige
520 1157 780 1217 Lesart
840 1152 959 1212 der
1027 1151 1375 1211 Adresse,
1436 1149 1554 1209 was
1615 1148 1874 1208 falsch
1935 1147 2112 1207 ist;
2166 1142 2514 1202 Adressat
2575 1139 2701 1199 ist
2761 1136 2879 1196 der
2947 1136 3065 1196 Abt

301 1232 503 1292 Simon
566 1229 682 1289 von
745 1228 869 1288 St.
925 1228 1228 1288 Alban's
1299 1222 1510 1282 (seit
1573 1222 1829 1282 1168).
1893 1220 2008 1280 Die
2064 1214 2687 1274 Ueberlieferung
2752 1211 2828 1271 in
2892 1209 3008 1269 den
3071 1207 3280 1267 alten

293 1304 723 1364 Sammlungen
792 1298 1185 1358 beseitigt
1246 1296 1449 1356 jeden
1519 1292 1821 1352 Zweifel
1882 1289 2093 1349 ueber
2162 1286 2411 1346 Umfang
2480 1285 2592 1345 und
2661 1280 3092 1340 Gliederung
3161 1276 3281 1336 des

297 1379 694 1439 Stueckes;
755 1375 1327 1435 bemerkenswert
1396 1369 1832 1429 vielleicht
1893 1362 2058 1422 nur,
2119 1360 2269 1420 dass
2300 1360 2411 1420 die
2480 1355 3097 1415 Dreigliederung
3158 1349 3278 1409 der

297 1453 499 1513 alten
570 1450 1000 1510 Sammlungen
1071 1449 1140 1509 in
1205 1448 1375 1508 App.
1439 1445 1547 1505 und
1619 1440 1876 1500 Bb.gr.
1940 1435 2322 1495 zugunsten
2393 1431 2604 1491 einer
2668 1426 3284 1486 Zweigliederung

311 1525 699 1585 verlassen
773 1522 882 1582 und
956 1521 1123 1581 erst
1183 1516 1299 1576 von
1366 1517 1658 1577 Raimund
1732 1512 2492 1572 wiederhergestellt
2552 1504 2807 1564 wurde.

302 1602 438 1662 Of.
484 1604 566 1664 M.
622 1601 878 1661 Cheney
988 1593 1529 1653 EHR.56(1941)
1585 1594 1748 1654 193.
