3508 2479
278 265 396 325 187
476 264 505 324 y

3113 273 3336 333 0207

266 378 377 438 das
445 378 609 438 auch
677 378 743 438 in
811 380 938 440 JL.
999 377 1341 437 erfolgte
1409 374 1536 434 auf
1597 372 1805 432 Grund
1873 371 1992 431 des
2054 369 2448 429 Verweises
2517 367 2583 427 in
2652 368 2681 428 A
2749 366 2815 426 zu
2883 367 2965 427 c:
3018 369 3189 429 p.c.

262 452 702 512 Consuluit.
762 449 1254 509 Eindeutiger
1316 446 1434 506 ist
1503 443 1755 503 dieser
1824 443 2121 503 Verweis
2182 441 2354 501 noch
2414 440 2488 500 in
2556 440 2772 500 Brug.
2825 443 3048 503 57,1:
3109 440 3265 500 Idem

266 527 569 587 Lusensi
633 524 887 584 ep.ex.
951 525 1028 585 c.
1085 522 1480 582 Consuluit
1538 521 1664 581 nos
1729 520 1849 580 tua
1913 516 2301 576 discretio
2373 515 2577 575 supra
2641 515 2711 575 de
2776 515 3171 575 coniugiis
3235 510 3262 570 =

279 599 479 659 Brug.
536 601 978 661 49,21(=a).
1044 597 1155 657 Nun
1229 594 1349 654 ist
1406 595 1526 655 das
1591 593 2025 653 Teilstueck
2091 594 2114 654 c
2187 590 2251 650 in
2316 590 2581 650 Chelt.
2638 592 2806 652 11,7
2864 591 2984 651 und
3049 587 3265 647 Cott.

285 664 299 724 V
365 665 437 725 31
504 666 525 726 =
591 666 670 726 VI
729 666 801 726 91
868 668 984 728 als
1050 667 1349 727 zweites
1415 665 1844 725 Teilstueck
1911 664 2034 724 der
2093 661 2486 721 Dekretale
2567 660 2712 720 'Cum
2778 658 3076 718 clerici
3143 655 3397 715 vestre

270 742 933 802 iurisdictionis'
996 739 1118 799 JL.
1181 741 1380 801 13816
1451 740 2037 800 ueberliefert,
2091 734 2261 794 aber
2324 733 2531 793 diese
2601 732 3133 792 Einschaltung
3196 730 3357 790 kann

262 818 470 878 nicht
533 817 833 877 richtig
903 814 1119 874 sein,
1174 813 1336 873 denn
1406 813 1529 873 JL.
1592 812 1799 872 13816
1862 808 1993 868 ist
2048 807 2125 867 an
2188 806 2302 866 den
2373 804 2812 864 Erzbischof
2875 799 2990 859 von

266 888 696 948 Canterbury
769 885 884 945 und
950 885 1157 945 seine
1223 882 1661 942 Suffragane
1727 879 2123 939 gerichtet
2181 878 2302 938 und
2368 873 2936 933 pluralistisch
3009 868 3216 928 abge¬

266 963 521 1023 fasst,
588 960 923 1020 waehrend
990 958 1202 1018 unser
1269 955 1707 1015 Teilstueck
1767 953 1796 1013 c
1863 951 2388 1011 singularisch
2455 948 2528 1008 an
2595 948 2806 1008 einen
2866 944 3209 1004 Empfaen¬

278 1035 392 1095 ger
455 1035 853 1095 gerichtet
915 1032 1083 1092 ist.
1138 1031 1529 1091 Ausserdem
1599 1027 1721 1087 ist
1776 1026 1898 1086 die
1968 1024 2443 1084 Inscription
2513 1022 2581 1082 an
2644 1020 2765 1080 den
2828 1018 3126 1078 Bischof

285 1108 391 1168 von
457 1106 664 1166 Lucca
729 1103 1079 1163 ueberall
1144 1101 1673 1161 einheitlich;
1732 1097 1888 1157 eine
1961 1095 2211 1155 andere
2276 1094 2662 1154 Dekretale
2734 1090 2855 1150 mit
2913 1086 3163 1146 dieser

266 1178 565 1238 Adresse
628 1175 742 1235 und
812 1175 927 1235 dem
997 1175 1296 1235 Incipit
1374 1170 1851 1230 'Consuluit'
1906 1167 2036 1227 ist
2091 1166 2351 1226 bisher
2406 1166 2620 1226 nicht
2683 1157 3036 1217 bekannt,

273 1252 331 1312 so
397 1249 565 1309 dass
632 1247 704 1307 es
763 1248 930 1308 wohl
997 1247 1106 1307 das
1180 1244 1384 1304 Beste
1451 1244 1618 1304 ist,
1677 1239 2116 1299 vorlaeufig
2183 1238 2299 1298 die
2366 1236 2760 1296 Dekretale
2819 1233 2892 1293 in
2958 1229 3206 1289 diesem

278 1323 523 1383 Umfang
594 1323 654 1383 zu
724 1319 1124 1379 belassen.
1179 1317 1255 1377 Ob
1317 1315 1432 1375 das
1502 1315 1809 1375 Incipit
1864 1312 1986 1372 der
2049 1312 2171 1372 ed.
2187 1310 2448 1370 princ.
2503 1310 2625 1370 der
2688 1307 2856 1367 App.
2934 1304 3126 1364 'Sane

270 1398 747 1458 consuluit',
809 1393 929 1453 das
990 1392 1110 1452 den
1180 1390 1482 1450 Wegfall
1545 1389 1756 1449 einer
1817 1386 2075 1446 Arenga
2144 1381 2485 1441 vermuten
2554 1379 2856 1439 laesst,
2918 1378 3212 1438 glauben

285 1471 679 1531 verdient,
740 1468 903 1528 muss
971 1465 1358 1525 ebenfalls
1425 1462 2006 1522 dahingestellt
2066 1456 2416 1516 bleiben.

285 1542 443 1602 Vgl.
501 1545 631 1605 JP.
688 1544 809 1604 III
876 1537 987 1597 394
1054 1538 1137 1598 n.
1185 1535 1315 1595 43.
