3508 2479
152 252 265 312 189
342 246 370 306 v

3108 266 3344 326 0209

332 396 439 456 Der
509 396 807 456 Verweis
878 393 1453 453 p.c.Consuluit
1554 390 1630 450 in
1693 388 1908 448 Tann.
1970 387 2038 447 zu
2108 385 2138 445 b
2201 381 2323 441 ist
2385 384 2453 444 in
2516 379 2684 439 Abr.
2746 378 2999 438 falsch

324 467 668 527 gelesen:
735 467 1028 527 p.c.Cum
1102 464 1307 524 sint.
1373 464 1491 524 Die
1558 461 1857 521 falsche
1925 456 2408 516 Inscription
2476 455 2585 515 und
2660 450 2959 510 Verweis

327 541 436 601 auf
499 539 529 599 b
593 539 709 599 wie
780 538 850 598 in
913 537 1030 597 der
1101 539 1256 599 Tann
1327 537 1397 597 II
1460 538 1639 598 9,5:
1687 535 1906 595 Alex.
1922 533 2085 593 III.
2141 529 2359 589 Cant.
2422 528 2593 588 aep.
2649 527 2820 587 p.c.
2875 525 2945 585 De
3016 524 3132 584 hoc

331 614 486 674 quod
549 614 946 674 consulere
1009 611 1358 671 voluisti
1461 609 1725 669 findet
1788 605 1943 665 sich
2014 602 2262 662 ebenso
2325 600 2402 660 in
2465 602 2768 662 Sang.II
2832 601 3220 661 9,7(S.149

324 684 390 744 wo
450 684 613 744 aber
681 685 799 745 der
867 682 1037 742 Text
1097 682 1357 742 fehlt,
1418 682 1528 742 und
1596 679 1766 739 Abr.
1827 679 1900 739 II
1960 681 2130 741 7,3.
2191 675 2309 735 Das
2378 673 2496 733 ist
2563 672 2719 732 eine
2786 670 3358 730 Verwechselung

328 760 439 820 mit
503 760 629 820 JL.
686 754 899 814 13793
1004 757 1083 817 Ex
1148 754 1544 814 litteris,
1601 753 1671 813 in
1737 751 1855 811 dem
1927 748 2038 808 ein
2110 748 2276 808 Teil
2333 747 2460 807 mit
2516 745 2587 805 De
2651 745 2770 805 hoc
2834 742 3048 802 autem

332 835 477 895 quod
548 832 755 892 circa
817 831 1024 891 finem
1102 829 1533 889 litterarum
1603 825 2088 885 consuluisti
2150 821 2504 881 beginnt,
2559 817 2727 877 aber
2790 817 2912 877 JL.
2975 818 3182 878 13793

319 903 381 963 an
452 903 569 963 den
639 902 1077 962 Erzbischof
1141 900 1216 960 v.
1274 899 1719 959 Canterbury
1782 896 1906 956 hat
1963 892 2087 952 mit
2151 891 2449 951 unserem
2520 889 2770 949 Stueck
2834 885 3090 945 nichts

331 978 390 1038 zu
458 978 620 1038 tun.
688 975 799 1035 Die
867 975 1074 1035 Teile
1142 973 1171 1033 b
1231 972 1350 1032 und
1410 971 1439 1031 c
1507 968 1856 1028 sind-bei
1924 967 2123 1027 Jaffé
2191 966 2355 1026 noch
2423 962 2637 1022 nicht
2698 960 3225 1020 verzeichnet.

323 1051 892 1111 Anhaltspunkte
959 1050 1127 1110 fuer
1194 1048 1354 1108 eine
1420 1044 1763 1104 genauere
1830 1041 2217 1101 Datierung
2291 1039 2547 1099 bietet
2606 1035 2722 1095 der
2789 1035 2956 1095 Text
3015 1034 3270 1094 nicht.
