3508 2479
99 286 275 346 193v

3160 305 3391 365 0214

373 357 443 417 a)
499 360 814 420 genannt
871 360 1044 420 Aur.
1053 360 1225 420 Par.
1242 364 1272 424 L
1336 363 1786 423 Frkf.Rot.,
1842 363 2063 423 sonst
2127 361 2339 421 Idem.

2460 360 2907 420 b)omittant
3017 365 3185 425 Wig.

519 432 966 492 Chelt.Rot.

1102 431 1179 491 c)
1235 433 1297 493 so
1368 434 1579 494 Flor.
1596 436 1767 496 App.
1783 434 2041 494 Bb.gr.
2058 435 2268 495 Tann.
2285 434 2504 494 Brug.
2512 437 2777 497 Frkf.,
2834 434 3099 494 sonst:
3155 438 3232 498 B.

369 503 446 563 d)
502 504 579 564 so
642 504 852 564 Dert.
869 504 1180 564 Eberb.;
1235 506 1539 566 Exomen:
1556 507 1719 567 Alc.
1735 508 2000 568 Flor.,
2055 506 2453 566 Eximense:
2516 506 2960 566 Wig.Cott.,
3016 509 3272 569 Exoni¬

514 580 672 640 ense
742 578 1008 638 Bb.gr.
1063 580 1145 640 A.

1277 581 1348 641 e)
1405 581 1476 641 so
1541 581 1757 641 Dert.
1774 581 2039 641 Flor.;
2096 584 2224 644 S.:
2281 583 2642 643 Alc.Wig.
2659 580 3059 640 Eb.Cott.;

506 649 891 709 Senonensi
1003 652 1225 712 App.,
1286 655 1679 715 Exoniense
1791 654 2154 714 Bb.gr.A.

365 800 523 860 Nach
592 798 750 858 Gams
819 798 939 858 war
1001 800 1303 860 Bernard
1372 799 1484 859 von
1553 796 1855 856 1174-85
1916 800 2218 860 Bischof
2287 799 2400 859 von
2461 799 2680 859 Osma,
2741 799 2899 859 wozu
2968 801 3179 861 nicht

383 870 633 930 passt,
691 872 855 932 dass
921 870 1034 930 der
1100 871 1315 931 lapst
1380 873 1767 933 Alexander
1839 872 1996 932 III.
2061 871 2175 931 von
2241 873 2355 933 ihm
2427 872 2541 932 als
2606 870 3129 930 verstorbenen

380 945 759 1005 (quondam,
819 945 982 1005 oder
1042 945 1630 1005 abgesetzten?)
1683 943 1944 1003 redet.
2004 945 2122 1005 Die
2190 945 2531 1005 aelteren
2600 945 3038 1005 Sammlungen
3099 945 3313 1005 haben

368 1017 515 1077 auch
587 1017 699 1077 den
763 1017 1159 1077 Ortsnamen
1224 1019 1343 1079 des
1407 1020 1937 1080 Archidiakons
2002 1017 2163 1077 noch
2235 1017 2807 1077 einigermassen
2872 1017 3267 1077 erkennbar

376 1088 712 1148 bewahrt;
770 1090 841 1150 es
914 1091 1035 1151 ist
1093 1089 1300 1149 Sosia
1366 1091 1709 1151 oestlich
1782 1091 1896 1151 von
1954 1088 2168 1148 Osma.
2234 1089 2355 1149 Ist
2413 1088 2527 1148 die
2593 1088 2850 1148 Angabe
2915 1088 3036 1148 bei
3102 1086 3259 1146 Gams

372 1163 573 1223 ueber
633 1163 752 1223 den
820 1163 1573 1223 Fontifikatsanfang
1641 1163 1990 1223 Bernards
2058 1160 2632 1220 verlaesslich,
2693 1160 2856 1220 dann
2924 1159 3131 1219 waere

368 1238 582 1298 damit
640 1238 1077 1298 wenigstens
1150 1238 1256 1298 ein
1329 1237 1665 1297 terminus
1738 1239 1902 1299 post
1968 1238 2117 1298 quem
2190 1238 2354 1298 fuer
2419 1237 2533 1297 die
2599 1235 3079 1295 Ausstellung

369 1312 765 1372 gewonnen;
817 1310 1082 1370 danach
1149 1310 1258 1370 die
1326 1310 1774 1370 Datierung.

358 1423 511 1483 Nach
582 1420 742 1480 Juan
805 1420 1206 1480 Loperraez
1268 1420 1668 1480 Corvalan,
1723 1420 2208 1480 Descripcion
2271 1420 2664 1480 histórica
2726 1418 2848 1478 del
2911 1420 3257 1480 obispado

369 1495 437 1555 de
499 1495 667 1555 Osma
729 1495 759 1555 1
829 1494 1120 1554 (Madrid
1183 1495 1404 1555 1788)
1459 1495 1766 1555 handelt
1820 1495 1896 1555 es
1958 1495 2119 1555 sich
2189 1495 2258 1555 um
2328 1495 2442 1555 den
2504 1495 2803 1555 Bischof
2873 1494 3171 1554 Bernard
3234 1492 3309 1552 v.

369 1569 527 1629 Osma
599 1566 946 1626 1174-76;
1003 1569 1168 1629 dort
1224 1569 1350 1629 ist
1414 1569 1666 1629 p.146f
1731 1569 1848 1629 die
1913 1569 2299 1629 Dekretale
2364 1569 2806 1629 abgedruckt
2862 1566 2980 1626 und
3052 1563 3162 1623 be¬

367 1645 760 1705 sprochen,
785 1644 1219 1704 (p.149ff).
1278 1645 1359 1705 P.
1417 1643 1531 1703 148
1598 1641 1712 1701 aus
1778 1641 1900 1701 dem
1967 1644 2311 1704 catálogo
2377 1642 2729 1702 antiquo:

555 1714 726 1774 Post
780 1718 944 1778 hunc
1020 1716 1455 1776 (Johannem)
1508 1716 1673 1776 fuit
1741 1718 2123 1778 episcopus
2184 1716 2626 1776 Bernardus,
2688 1717 2897 1777 prior
2958 1715 3347 1775 Oxomensis

377 1789 681 1849 tempore
736 1790 949 1850 regis
1019 1790 1499 1850 Aldephonsi,
1561 1790 1637 1850 et
1699 1790 2171 1850 consecratus
2241 1787 2263 1847 a
2325 1788 2408 1848 d.
2463 1790 2851 1850 Celebruno
2921 1789 3256 1849 Toletano

369 1862 723 1922 archiep.
783 1859 856 1919 et
916 1862 1307 1922 episcopis
1375 1861 1715 1921 Jorcelmo
1775 1862 2166 1922 Segontino
2234 1856 2307 1916 et
2367 1862 2714 1922 Gonzalvo
2782 1859 3261 1919 Segoviensi.

374 1933 538 1993 Iste
605 1933 769 1993 fuit
828 1932 1265 1992 simoniacus
1324 1934 1406 1994 et
1465 1934 1621 1994 ideo
1688 1934 1852 1994 fuit
1911 1934 2298 1994 depositus
2366 1934 2489 1994 per
2548 1934 2985 1994 Alexandrum
3052 1934 3249 1994 papam

422 2008 499 2068 et
558 2013 810 2073 factus
880 2016 1083 2076 prior
1143 2016 1589 2076 Oxomansis.
1639 2016 1852 2076 Vixit
1921 2019 2125 2079 autem
2184 2019 2261 2079 in
2321 2018 2758 2078 episcopatu
2817 2019 3069 2079 duobus
3129 2017 3391 2077 annis.

376 2161 590 2221 Kommt
655 2158 768 2218 vor
833 2156 946 2216 als
1011 2154 1225 2214 Elekt
1290 2149 1441 2209 1174
1506 2149 1720 2209 febr.
1735 2154 1809 2214 5,
1874 2144 1987 2204 als
2052 2140 2343 2200 Bf.1174
2408 2134 2660 2194 febr.5

363 2238 455 2298 Es
515 2238 725 2298 folgt
785 2233 1087 2293 Michael
1147 2228 1498 2288 1177-85,
1547 2223 1802 2283 Garcia
1862 2215 2225 2275 1186-88,
2262 2212 2529 2272 Hartin
2589 2206 3032 2266 1189-1201.
