3508 2479
307 256 480 316 1977

3095 294 3333 354 0218

437 399 780 459 abb.novi
847 396 1286 456 monasterii
1352 391 1740 451 Pictaveus
1843 390 1974 450 Cc;
2034 384 2802 444 Eboracen.Archiep.
2905 381 3307 441 Aur.Bb.A.

292 473 366 533 c)
420 473 684 533 fehlt,
745 470 820 530 wo
881 468 1008 528 das
1070 467 1326 527 Stueck
1402 463 1930 523 selbstaendig
1999 458 2172 518 ist.

295 548 379 608 d)
434 546 603 606 hier
666 545 873 605 endet
936 543 1245 603 dasic),
1308 542 1376 602 wo
1447 539 1515 599 es
1586 534 2111 594 selbstaendig
2181 530 2350 590 ist.

306 693 413 753 Das
479 691 730 751 Stueck
803 689 925 749 ist
983 688 1055 748 an
1121 688 1236 748 den
1309 684 1430 744 Abt
1489 681 1603 741 des
1669 677 2708 737 Praemonstratenserstifts
2773 671 3119 731 Newhouse
3184 671 3255 731 in

2079 749 2191 809 der
2259 751 2378 811 Cc.
2439 747 2567 807 ist
2628 746 3205 806 demgegenueber

311 766 828 826 Lincolnshire
899 762 1300 822 gegangen;
1355 758 1472 818 die
1544 753 2021 813 Inskription

310 840 467 900 ganz
533 838 928 898 singulaer
987 838 1101 898 und
1167 833 1288 893 die
1354 831 1656 891 Adresse
1721 829 1793 889 an
1859 826 1973 886 den
2039 823 2485 883 Erzbischof
2550 820 2658 880 von
2730 818 2888 878 York
2961 817 3162 877 schon

2042 894 2143 954 Was
2207 893 2465 953 Singer
2529 891 2607 951 S.
2670 891 2732 951 18
2804 888 2874 948 in
2945 886 3109 946 N.33
3173 882 3384 942 ueber

314 910 424 970 aus
484 909 1014 969 inhaltlichen
1082 905 1436 965 Gruenden
1503 900 1989 960 unmoeglich.

310 984 420 1044 die
485 980 969 1040 Inskription
1033 981 1246 1041 sagt,
1312 975 1429 1035 ist
1486 975 1978 1035 hinfaellig.
2034 967 2200 1027 Dass
2265 968 2296 1028 b
2360 966 2478 1026 ein
2543 962 2708 1022 Teil
2773 960 2883 1020 von
2956 960 2979 1020 a
3043 958 3209 1018 ist,

310 1056 424 1116 ist
490 1056 741 1116 bisher
808 1053 966 1113 noch
1038 1050 1247 1110 nicht
1313 1047 1615 1107 bemerkt
1681 1044 1983 1104 worden.
2042 1042 2164 1102 Die
2230 1041 2662 1101 Abtrennung
2736 1035 2850 1095 von
2916 1033 2944 1093 b
3002 1028 3124 1088 ist

307 1127 464 1187 wohl
529 1127 737 1187 durch
803 1125 917 1185 ein
983 1121 1601 1181 Homoioteleuton
1674 1115 2162 1175 entstanden.
2221 1112 2336 1172 Der
2401 1107 2702 1167 Schluss
2769 1103 2883 1163 von
2948 1102 2976 1162 a
3042 1099 3206 1159 lau¬

321 1200 474 1260 tet:
533 1202 649 1262 Hos
716 1198 919 1258 autem
993 1198 1153 1258 sine
1220 1193 1563 1253 licentia
1630 1191 1885 1251 Romani
1951 1188 2382 1248 pontificis
2449 1184 2565 1244 non
2632 1180 2842 1240 potes
2902 1176 3025 1236 nee
3084 1174 3295 1234 debes

310 1273 690 1333 absolvere
761 1273 916 1333 (sed
987 1271 1064 1331 si
1128 1268 1516 1328 fratribus
1580 1265 1742 1325 suis
1807 1259 2335 1319 conversionem
2407 1256 2561 1316 suam
2633 1252 2702 1312 in
2767 1250 3062 1310 aliquos
3127 1244 3204 1304 de

307 1347 694 1407 fratribus
762 1345 918 1405 suis
987 1342 1382 1402 violentas
1450 1337 1659 1397 manus
1719 1333 2211 1393 iniecerint,
2273 1328 2571 1388 licitum
2639 1322 2802 1382 tibi
2870 1321 3034 1381 est,
3094 1315 3213 1375 eos

310 1423 330 1483 a
396 1422 789 1482 sententia
855 1416 1607 1476 excommunicationis
1673 1408 2117 1468 absolvere)
2175 1405 2253 1465 et
2311 1400 2884 1460 presumptionem
2950 1393 3200 1453 delin¬

325 1494 653 1554 quentium
727 1491 976 1551 debita
1042 1487 1658 1547 animadversione
1724 1482 2031 1542 punire.
2090 1477 2210 1537 Der
2276 1477 2340 1537 in
2406 1474 2749 1534 Klammern
2822 1471 3071 1531 einge¬

307 1568 737 1628 schlossene
806 1563 971 1623 Satz
1033 1562 1153 1622 ist
1214 1561 1335 1621 als
1397 1558 1834 1618 besonderes
1896 1553 2205 1613 Kapitel
2266 1550 2334 1610 in
2403 1547 2750 1607 Cpd.Erl.
2766 1541 2977 1601 Lips.
3038 1537 3294 1597 ausge¬

314 1642 624 1702 sondert
684 1641 794 1701 und
869 1638 934 1698 so
1002 1635 1208 1695 ueber
1275 1634 1482 1694 Tann.
1498 1634 1711 1694 Sang.
1772 1631 1845 1691 in
1905 1629 1933 1689 A
2001 1623 2622 1683 uebergegangen.
2682 1619 2888 1679 Bamb.
2955 1614 3250 1674 bewahrt

324 1716 444 1776 das
502 1713 759 1773 Stueck
824 1710 1267 1770 ungeteilt,
1325 1707 1445 1767 die
1510 1704 1717 1764 Cass.
1776 1701 1903 1761 hat
1961 1701 2032 1761 ab
2097 1697 2446 1757 zusammen
2504 1693 2618 1753 und
2691 1688 2947 1748 trennt
3005 1688 3125 1748 nur
3183 1685 3211 1745 c

319 1789 436 1849 als
508 1787 941 1847 besonderes
1005 1781 1304 1841 Kapitel
1368 1781 1485 1841 ab.
1549 1778 1666 1838 Bei
1731 1774 2029 1834 Friedb.
2093 1772 2305 1832 liest
2361 1768 2479 1828 man
2543 1766 2613 1826 in
2677 1764 2707 1824 A
2771 1762 2889 1822 den
2953 1763 3117 1823 Teil
3173 1755 3204 1815 b

319 1863 489 1923 erst
547 1862 619 1922 in
686 1861 856 1921 not.
914 1859 986 1919 11
1053 1857 1126 1917 zu
1184 1855 1215 1915 V
1282 1855 1493 1915 34,8,
1551 1853 1714 1913 dann
1780 1849 2121 1909 nochmals
2188 1847 2260 1907 im
2318 1844 2489 1904 Text
2555 1841 2668 1901 von
2735 1836 2758 1896 V
2824 1837 3076 1897 34,11.
