3508 2479
320 234 492 294 202v

3178 239 3433 299 0223

316 344 794 404 Salernitano
855 343 983 403 epp
1083 342 1667 402 App.ed.princ.
1730 339 1797 399 zu
1867 339 1949 399 b;
2003 337 2405 397 Spalnensi
2467 335 2587 395 ep.

2680 336 3035 396 App.cod.
3052 333 3269 393 Linc.

320 415 379 475 zu
449 413 523 473 b:
585 416 978 476 Spaniensi
1040 418 1168 478 ep.
1268 417 1487 477 Brug.
1549 416 1616 476 zu
1685 413 1760 473 b;
1822 410 2216 470 Ispalensi
2323 408 2444 468 Azu
2513 411 2588 471 b;
2695 406 3088 466 Yspalensi

319 491 531 551 Cott.
598 491 664 551 zu
731 491 811 551 c.

316 637 1208 697 Zusammengehoerigkeit
1269 635 1390 695 und
1451 635 1935 695 Reihenfolge
1997 630 2215 690 jetzt
2276 630 2480 690 durch
2549 628 2715 688 Cus.
2776 626 3358 686 klargestellt,

332 709 391 769 wo
460 710 896 770 allerdings
965 708 1077 768 die
1145 709 1438 769 Stuecke
1507 706 1717 766 nicht
1778 705 2260 765 fortlaufend
2328 702 2810 762 geschrieben
2878 699 3089 759 sind,

320 784 606 844 sondern
683 782 976 842 jeweils
1045 782 1165 842 mit
1227 781 1891 841 Kapitelinitiale
1960 779 2073 839 auf
2134 778 2345 838 neuer
2414 775 2617 835 Zeile
2686 775 3025 835 beginnen
3094 770 3214 830 und

319 856 515 916 unter
589 856 794 916 einer
860 856 1247 916 korrupten
1321 854 1847 914 Inskription,
1914 850 2161 910 welche
2228 850 2396 910 wohl
2463 850 2571 910 aus
2645 850 2850 910 einer
2916 846 3215 906 Vorlage

324 927 430 987 wie
493 930 936 990 Lips.65,6:
999 927 1159 987 Item
1229 925 1297 985 es
1359 924 1896 984 conc.Arclat.
1958 921 2264 981 stammt,
2318 920 2478 980 denn
2541 918 2716 978 Cus.
2771 918 2846 978 55
2909 916 2984 976 u.
3047 914 3115 974 56

320 1003 468 1063 sind
539 1005 789 1065 gleich
860 1001 1071 1061 Lips.
1135 998 1290 1058 65,4
1362 999 1478 1059 und
1542 1000 1619 1060 5.
1683 999 1799 1059 Die
1863 996 2261 1056 Korruptel
2325 995 2441 1055 ist
2505 993 2668 1053 dann
2740 991 2895 1051 auch
2967 990 3123 1050 noch

308 1074 367 1134 in
435 1074 553 1134 der
621 1074 964 1134 falschen
1039 1072 1516 1132 Inskription
1584 1071 1703 1131 von
1771 1071 1979 1131 Brug.
1995 1071 2159 1131 43,1
2227 1065 2622 1125 Alexander
2683 1065 2988 1125 Alpheno
3049 1061 3301 1121 fuehl-

319 1148 476 1208 bar.
542 1148 742 1208 Durch
814 1146 928 1206 das
994 1145 1388 1205 Vorkommen
1454 1145 1517 1205 in
1590 1143 1754 1203 Cus.
1813 1141 1941 1201 ist
1999 1139 2164 1199 auch
2229 1139 2343 1199 die
2409 1136 3076 1196 Verfasserschaft

320 1220 621 1280 Lucius'
674 1222 885 1282 III.,
954 1219 1202 1279 welche
1263 1217 1481 1277 Cott.
1543 1217 1655 1277 und
1724 1217 1889 1277 App.
1950 1216 2017 1276 zu
2086 1214 2206 1274 dem
2275 1214 2705 1274 Teilstueck
2766 1211 2795 1271 c
2864 1208 3301 1268 behaupten,

315 1294 981 1354 ausgeschlossen;
1040 1291 1161 1351 dies
1226 1289 1434 1349 steht
1499 1289 1656 1349 auch
1729 1289 1793 1349 im
1859 1288 2253 1348 Gegensatz
2318 1283 2382 1343 zu
2455 1283 2755 1343 Bb.Cpd.
2770 1280 3215 1340 Cass.Frkf.

316 1366 421 1426 und
489 1366 753 1426 Brug.,
808 1363 1064 1423 welche
1133 1363 1200 1423 zu
1262 1363 1291 1423 c
1353 1363 1928 1423 ausdruecklich
1997 1359 2390 1419 Alexander
2459 1360 2624 1420 III.
2686 1355 2798 1415 als
2868 1352 3298 1412 Aussteller

315 1441 612 1501 nennen.
672 1441 836 1501 Ganz
904 1438 1298 1498 singlaer
1358 1438 1469 1498 und
1536 1435 2162 1495 unglaubwuerdig
2230 1432 2348 1492 ist
2408 1431 2527 1491 die
2595 1429 3070 1489 Inskription
3138 1423 3256 1483 der

315 1516 888 1576 App.ed.princ.
948 1513 1014 1573 zu
1082 1513 1163 1573 b:
1216 1513 1662 1573 Hipponensi
1723 1513 1797 1573 et
1857 1509 2341 1569 Salernitano
2409 1507 2855 1567 eposcopis;
2908 1504 3026 1564 die
3094 1504 3256 1564 Lin

324 1590 575 1650 colner
637 1589 1081 1649 Handschrift
1135 1589 1265 1649 hat
1327 1588 1395 1648 zu
1457 1587 1708 1647 diesem
1778 1587 2130 1647 Kapitel:
2184 1584 2574 1644 Spalnensi
2636 1584 3033 1644 episcopo.
3088 1578 3255 1638 Aber

315 1663 475 1723 auch
542 1662 752 1722 sonst
813 1662 936 1722 ist
1003 1662 1119 1722 mit
1178 1662 1295 1722 der
1361 1661 1843 1721 Inskription
1910 1659 1982 1719 in
2049 1658 2253 1718 ihrer
2320 1656 2531 1716 meist
2590 1655 3211 1715 ueberlieferten

324 1738 473 1798 Form
542 1736 889 1796 Spalensi
950 1734 1206 1794 nichts
1274 1731 1757 1791 anzufangen;
1819 1733 1931 1793 die
2007 1729 2437 1789 Emendation
2506 1728 2573 1788 in
2642 1728 3079 1788 Hispalensi
3148 1721 3305 1781 (mit

316 1814 352 1874 A
413 1811 525 1871 und
594 1809 863 1869 Cott.)
909 1808 1029 1868 ist
1090 1808 1577 1868 unmoeglich,
1639 1807 1795 1867 denn
1864 1805 2164 1865 Sevilla
2225 1800 2344 1860 war
2405 1801 2660 1861 damals
2729 1799 2885 1859 noch
2954 1799 3344 1859 maurisch.

327 1883 475 1943 Eine
542 1880 979 1940 Emendation
1046 1880 1112 1940 in
1180 1877 1623 1937 Spalatensi
1691 1874 2401 1934 (Salona-Spalato)
2454 1872 2846 1932 verbietet
2906 1871 3120 1931 sich,

333 1955 494 2015 weil
560 1956 673 2016 der
740 1957 1039 2017 dortige
1105 1952 1405 2012 Praelat
1463 1952 1901 2012 Erzbischof
1968 1949 2081 2009 und
2147 1949 2308 2009 dazu
2375 1946 2528 2006 noch
2594 1943 3162 2003 apostolischer

332 2036 540 2096 Legat
605 2038 772 2098 war.

2693 2065 2804 2125 ..
