3508 2479
293 238 479 298 204V

3087 306 3347 366 0226

300 386 394 446 d)

481 377 536 437 so
609 381 919 441 Tranen.
1023 381 1525 441 Roff.Cott.,

1578 377 1867 437 Trauen.
1931 375 2284 435 Dert.Cc.
2301 372 2512 432 Vict.
2528 372 2701 432 Aur.
2718 369 3023 429 Bridl.;

496 449 825 509 Treveren
939 450 1247 510 Claud.,
1300 446 1698 506 Trevoren.
1805 444 2022 504 Wig.,
2076 443 2473 503 Norvicen.
2573 440 2745 500 Cus.
2761 440 3060 500 App.Bb.

488 525 923 585 Lips.Brug.
940 524 1336 584 Lamb.AX;
1391 519 1881 579 Nowilocensi
1983 517 2247 577 Frkf.;
2302 512 2784 572 Transmarino
2856 512 2972 572 vel
3035 512 3205 572 Nor.

477 599 588 659 ep.
693 598 1505 658 Rot.Wig.Tann.Sang.
1573 595 1639 655 zu
1707 595 1781 655 a;
1841 590 2243 650 Terracen.
2341 590 2646 650 Cott.zu
2714 587 2795 647 c;

480 667 914 727 Winton.ep.
1020 671 1282 731 App.zu
1351 666 1425 726 c;
1486 663 1884 723 Wormacen.
1989 660 2206 720 Cass.

1491 743 1554 803 e)
1618 738 1688 798 so
1753 739 1871 799 nur
1935 736 2197 796 Dert.,
2253 733 2466 793 sonst
2530 731 2879 791 ueberall
2943 730 3339 790 episcopo.

286 748 375 808 f)
468 745 742 805 soweit
843 744 1254 804 Roff.Wig.

288 896 399 956 Nur
464 892 582 952 die
647 893 869 953 Dert.
926 888 1044 948 hat
1109 888 1228 948 die
1292 886 1642 946 richtige
1707 885 2192 945 Inskription
2257 880 2327 940 an
2392 879 2511 939 den
2575 879 3013 939 Erzbischof

299 969 406 1029 von
477 967 755 1027 Trani.

299 1115 354 1175 In
427 1115 640 1175 Brug.
657 1120 816 1180 53,5
880 1110 1007 1170 ist
1071 1108 1134 1168 am
1198 1108 1508 1168 Schluss
1573 1103 2057 1163 angehaengt:
2122 1102 2281 1162 Item
2345 1099 2607 1159 eidem.
2671 1097 2870 1157 Illud
2942 1097 3196 1157 quoque

1873 1178 2316 1238 adimplevit
2561 1175 2691 1235 JL.
2753 1174 2961 1234 13969
3023 1169 3109 1229 c.

1154 1181 1665 1241 nihilominus
