3508 2479
346 931 515 991 Rot.
566 933 735 993 14,8

242 238 586 375 205
2441 233 2554 293 JL.

3111 291 3359 351 0227

599 377 1131 437 Continebatur
1193 376 1260 436 in
1338 375 1679 435 litteris
1749 375 1961 435 tuis,
2023 372 2280 432 frater
2342 372 2836 432 Baiocensis,
2898 371 3065 431 quas

326 485 618 545 felicis
685 484 1263 544 recordationis
1331 485 1675 545 Gregoris
1749 485 1910 545 pape
1969 483 2232 543 nostro
2299 482 2828 542 predecessori
2894 482 3282 542 misisti-

337 596 683 656 accedere
751 596 1295 656 compellatis.

341 708 639 768 Clemens
705 707 1090 767 Baiocensi
1164 704 1236 764 et
1295 706 1869 766 Constantiensi
1936 704 2321 764 episcopis
2387 701 2466 761 et
2526 702 2780 762 abbati
2846 700 2911 760 de
2977 703 3282 763 Cadomo.

2900 777 3091 837 (1188

334 1074 438 1134 Der
507 1074 718 1134 Brief
787 1074 946 1134 muss
1015 1074 1173 1134 nach
1242 1074 1354 1134 dem
1423 1074 1680 1134 Anfang
1749 1073 1861 1133 aus
1930 1071 2050 1131 der
2113 1071 2369 1131 ersten
2430 1070 2603 1130 Zeit
2658 1068 2959 1128 Clemens
3028 1068 3193 1128 III.

334 1145 673 1205 stammen;
735 1148 810 1208 er
879 1146 999 1206 ist
1060 1146 1218 1206 eine
1287 1147 1771 1207 willkommene
1840 1144 2270 1204 Ergaenzung
2339 1142 2460 1202 der
2521 1140 3141 1200 Ueberlieferung

338 1221 445 1281 des
508 1220 1136 1280 Nonnenklosters
1207 1223 1330 1283 St.
1393 1222 1695 1282 Trinité
1766 1220 1834 1280 in
1898 1217 2114 1277 Caen.

283 1474 446 1534 elS
501 1482 675 1542 Ao
850 1494 936 1554 and
1090 1514 1351 1574 Duggen,
1374 1523 1722 1583 Decnder
1777 1537 2071 1597 medtae
2137 1539 2223 1599 sar
2301 1543 2376 1603 dI
2443 1551 2572 1611 use
2650 1560 2801 1620 Cerg.
2824 1566 3161 1626 Gebetonnn
3217 1566 3303 1626 4,

518 1587 582 1647 de
672 1599 878 1659 ian
966 1619 1130 1679 2)
1164 1624 1195 1684 M
