3508 2479
323 889 618 949 Luc.18.
679 888 847 948 Hal.
865 887 983 947 85.
1001 887 1254 947 Rainer
1323 885 1440 945 von
1509 885 1805 945 Pomposa
1865 887 2263 947 9,2(Migne
2332 883 2779 943 216,1204).
2832 882 3093 942 Gilb.V
3153 882 3228 942 11
3289 882 3414 942 un.

320 965 572 1025 Fuld.V
639 966 991 1026 17,1.BV
1048 968 1266 1028 13,3.
1323 966 1587 1026 Decr.V
1643 969 1818 1029 31,7

24 238 180 298 ala
234 231 512 291 egt.

2581 265 2659 325 P.
2729 261 2856 321 185

3140 300 3388 360 0236

310 413 424 473 Cum
490 412 561 472 ad
634 410 1015 470 quorundam
1088 410 1433 470 maliciam
1500 408 1938 468 coercendam
2004 408 2076 468 in
2141 406 2486 466 concilio
2552 403 2818 463 fuerit
2877 402 3178 462 Latera¬

311 524 520 584 nensi
626 521 650 581 -
756 522 1201 582 decernimus
1267 520 1387 580 non
1461 522 1761 582 tenere.
1826 519 2036 579 Dat.“
2143 517 2312 577 Rome
2378 515 2539 575 apud
2604 518 2904 578 sanctum
2978 516 3284 576 Petrum.

325 637 796 697 Innocentius
860 634 1077 694 III.2
1178 632 1441 692 abbati
1505 632 1578 692 et
1643 630 2032 690 conventui
2097 626 2677 686 Viziliacensit

1878 741 2076 801 (Roma
2138 739 2214 799 S.
2277 739 2535 799 Pietro
2605 738 2761 798 1198
2831 734 2960 794 Mai
3013 737 3246 797 1-15)

1911 1106 2077 1166 BX;
2129 1103 2580 1163 Celestinus
2648 1105 2823 1165 III.
2924 1104 3149 1164 Luc.;

1139 1104 1220 1164 b)
1276 1108 1605 1168 Clemens
1680 1107 1862 1167 III.

315 1110 396 1170 a)
456 1109 637 1169 Dat.
696 1112 828 1172 nur
904 1110 1077 1170 Luc.

1915 1182 2125 1242 Luc.;
2177 1181 2405 1241 fehlt
2465 1179 2633 1239 Hal.
2651 1178 2861 1238 Rain.

1189 1184 1263 1244 c)
1322 1182 1814 1242 Vercellensi

463 1184 619 1244 Idem
725 1184 916 1244 Hal.

326 1332 437 1392 JL.
493 1325 699 1385 17654
771 1324 890 1384 ist
955 1327 1121 1387 tutz
1177 1324 1670 1384 Loewenfelds
1734 1323 2219 1383 Bemerkungen
2283 1322 2355 1382 zu
2427 1321 2864 1381 streichen,
2920 1321 3086 1381 denn
3151 1316 3269 1376 das

315 1402 564 1462 Stueck
631 1402 838 1462 steht
906 1402 972 1462 im
1039 1403 1388 1463 Register
1455 1399 1854 1459 Innocenz'
1913 1399 2037 1459 III
2104 1400 2170 1460 (I
2229 1396 2619 1456 140,Migue
2687 1394 3052 1454 214,124)

321 1474 424 1534 und
500 1474 1480 1534 Parallelausfertigungen
1555 1474 1621 1534 an
1689 1474 1941 1534 andere
2009 1471 2446 1531 Empfaenger
2514 1470 2625 1530 von
2693 1468 3078 1528 frueheren

323 1550 660 1610 Faepsten
725 1551 941 1611 sucht
1006 1550 1119 1610 man
1185 1551 1304 1611 bei
1370 1549 1489 1609 JL.
1555 1548 2037 1608 vergeblich,
2103 1548 2263 1608 vgl.
2280 1545 2536 1605 Heyer,
2595 1544 2811 1604 Arch.
2828 1542 3133 1602 f.kath.
3150 1542 3269 1602 KR.

332 1625 680 1685 95(1915)
732 1627 902 1687 358.
962 1626 1081 1686 Der
1141 1623 1439 1683 Verweis
1508 1623 1669 1683 Idem
1738 1623 1805 1683 in
1867 1623 2036 1683 Hal.
2097 1620 2266 1680 geht
2327 1620 2488 1680 auch
2557 1618 2676 1678 auf
2736 1616 3076 1676 Innocenz
3145 1614 3315 1674 III.

345 1817 563 1877 Rapdter
622 1800 1003 1860 ane
1074 1781 1258 1841 ,
1317 1776 1362 1836 I
1444 1764 1640 1824 ,
1954 1758 2172 1818 pl
