3508 2479
285 237 466 297 213v

3062 228 3303 288 0237

293 374 535 434 kannte
606 372 910 432 Kapitel
963 370 997 430 c
1059 369 1267 429 einer
1338 369 1729 429 Dekretale
1799 365 1911 425 mit
1973 363 2095 423 dem
2165 363 2460 423 Incipit
2523 360 2643 420 Cum
2714 360 2782 420 ad
2844 359 3061 419 sedem
3123 357 3383 417 apost.

298 446 729 506 angehoert,
787 446 1045 506 dessen
1118 443 1361 503 Anfang
1434 442 1548 502 der
1614 440 1830 500 Verf.
1888 440 2010 500 der
2075 437 2240 497 Rot.
2298 437 2463 497 nach
2528 432 2650 492 der
2715 431 3110 491 Randnotiz

298 516 493 576 infra
562 515 637 575 de
698 518 1136 578 Nomicidiis
1205 517 1280 577 et
1333 515 1688 575 percuss.
1750 510 2142 570 mitteilen
2211 509 2421 569 will.
2483 506 2740 566 Dieser
2808 512 3034 572 itel

299 596 501 656 fehlt
564 593 813 653 jedoch
884 593 953 653 in
1025 591 1235 651 Rot.,
1298 592 1359 652 zu
1431 590 1679 650 seinem
1751 587 2461 647 strafrechtlichen
2532 582 2788 642 Inhalt
2852 581 3061 641 passt

294 668 451 728 aber
517 667 631 727 das
697 667 861 727 neue
920 667 1041 727 nur
1107 664 1178 724 in
1244 663 1408 723 Hal.
1431 661 1596 721 Mon.
1654 663 1768 723 und
1841 661 2056 721 Lamb.
2115 658 2689 718 ueberlieferte
2756 655 3057 715 Kapitel

298 741 354 801 so
420 740 584 800 dass
657 740 771 800 die
836 737 1094 797 in-Ret
1159 736 1862 796 Zusammenstellung
1935 733 2099 793 wohl
2158 731 2323 791 ohne
2388 729 2732 789 Bedenken
2797 727 2969 787 ist.
3027 725 3141 785 Von

294 817 403 877 dem
469 816 534 876 in
608 814 768 874 Rot.
835 814 1447 874 vollstaendigen
1521 811 1725 871 Datum
1791 808 1995 868 haben
2061 807 2228 867 Hal.
2251 805 2360 865 Mon
2434 806 2499 866 zu
2551 803 2674 863 (ab)
2711 799 3105 859 erhalten:

291 891 644 951 Dat.Lat.
701 888 868 948 anno
941 888 1109 948 III.

583 1247 647 1307 ed
782 1228 1180 1288 Sheeleg,
1232 1226 1512 1286 Brtif.
1581 1216 2378 1276 Hibernia(Mt2)
2432 1213 2629 1273 66-7
2747 1211 2878 1271 ko.
2913 1210 2944 1270 2
