3508 2479
400 972 601 1032 Brug.
655 981 878 1041 32,3.
932 972 1188 1032 Sang.V
1253 970 1369 1030 8,2
1402 975 1743 1035 (S.237).
1797 968 2147 1028 Abrinc.V
2214 967 2245 1027 7
2310 967 2372 1027 un
2448 969 2788 1029 (S.377).

372 312 508 372 ﻿214

2119 237 2241 297 JL.

3175 324 3417 384 0238

749 387 854 447 Cum
1011 381 1224 441 adhuc
1291 383 1594 443 essemus
1652 383 1725 443 in
1792 381 2144 441 partibus
2202 379 2834 439 ultramontanis,
2893 376 3195 436 contro¬

390 491 638 551 versia
707 493 957 553 quedam
1026 491 1328 551 dicitur
1389 490 1555 550 mota
1616 490 1828 550 inter
1897 489 2017 549 Al.
2078 490 2388 550 Laudun,
2450 488 2524 548 et
2578 486 2881 546 homines
2950 482 3017 542 de

389 602 720 662 Brueriis
795 602 1001 662 super
1068 602 1319 662 quadam
1394 599 1651 659 vinea,
1718 601 1880 661 quam
1947 599 2064 659 vir
2131 598 2434 658 nobilis
2501 597 2574 657 E.
2634 598 2707 658 de
2774 596 2987 656 feodo
3055 594 3172 654 suo

389 715 863 775 terminandam
931 714 1383 774 relinquas.

382 826 769 886 Alexander
840 824 1003 884 III.
1065 826 1410 886 episcopo
1480 823 1972 883 Ambianensi“

2858 819 3251 879 (1175-81)

1382 1113 1458 1173 b)
1519 1115 1680 1175 Ambi
1843 1112 2063 1172 Brug.

385 1113 461 1173 a)
513 1117 633 1177 Dum
797 1118 1020 1178 Brug.

382 1262 538 1322 Nach
606 1262 724 1322 dem
792 1263 1000 1323 Namen
1060 1263 1366 1323 handelt
1433 1259 1500 1319 es
1568 1261 1730 1321 sich
1799 1261 1865 1321 um
1933 1259 2141 1319 einen
2209 1256 2469 1316 Streit
2530 1254 2879 1314 zwischen
2947 1252 3147 1312 einem

390 1336 539 1396 Mann
616 1336 728 1396 aus
790 1336 955 1396 Laon
1023 1338 1135 1398 und
1205 1336 1460 1396 Leuten
1521 1335 1642 1395 aus
1711 1334 2057 1394 Bruyère,
2118 1330 2374 1390 suedl.
2436 1328 2653 1388 Laon.
2714 1326 2782 1386 In
2851 1324 3106 1384 erster

390 1411 677 1471 Instanz
746 1410 950 1470 wurde
1012 1408 1132 1468 die
1201 1408 1405 1468 Sache
1475 1408 1588 1468 dem
1657 1408 1724 1468 B.
1755 1407 2051 1467 quondam
2120 1403 2605 1463 Noviomensis
2674 1399 3059 1459 episcopus

383 1486 907 1546 uebertragen;
972 1483 1090 1543 das
1155 1482 1273 1542 ist
1337 1481 1456 1541 der
1520 1480 1821 1540 Bischof
1886 1477 2235 1537 Balduin,
2299 1478 2417 1538 dem
2482 1477 2648 1537 1175
2713 1472 3006 1532 Rainald

376 1560 678 1620 folgte.
735 1558 998 1618 Danach
1070 1557 1189 1617 die
1254 1557 1708 1617 Datierung.
