3508 2479
333 766 544 826 Cant.
554 769 588 829 I
651 771 766 831 18.
828 769 1181 829 Roff.69.
1244 769 1782 829 Chelt.17,9b.
1836 773 2234 833 App.36,2.
2296 769 2464 829 Rot.
2483 769 2738 829 20,10.
2792 771 2826 831 A
2890 770 2977 830 II
3031 769 3242 829 19,8.

327 841 640 901 Decr.II
700 849 919 909 27,6.

335 324 463 384 215

557 291 651 351 DIE
701 280 904 340 NINAER
966 279 1061 339 IST
1110 276 1169 336 ZU
1219 276 1530 336 STKEICHEN
1604 276 1771 336 (Teil
1820 276 1903 336 von
1953 273 2060 333 283
2109 258 2240 318 JL.
2290 252 2457 312 1403

3167 259 3416 319 0239

612 400 719 460 Cum
787 399 1177 459 aliquibus
1245 396 1685 456 adiudicata
1844 396 1968 456 est
2028 396 2468 456 possessio,
2527 399 2643 459 non
2710 398 3067 458 sufficit
3127 396 3242 456 eis

332 509 492 569 dari
552 512 907 572 pignora,
959 512 1135 572 nisi
1195 510 1677 570 possessione
1746 509 2100 569 gaudeant
2160 510 2600 570 corporali"

330 624 711 684 Alexander
778 623 991 683 III.“
1104 622 1439 682 episcopo
1514 623 2046 683 Wigorniensi“
2159 622 2223 682 et
2289 622 2549 682 abbati
2607 621 2680 681 de
2746 620 3044 680 Evesham
3119 617 3463 677 (1159-81

1598 987 1853 1047 b)nisi
1917 987 2731 1047 corp.poss.letentur
2794 986 2871 1046 X.

328 987 400 1047 a)
457 990 950 1050 adiudicanda
1016 990 1282 1050 Chelt.

1594 1060 1672 1120 d)
1728 1062 2034 1122 Norwic.
2098 1064 2317 1124 et...
2414 1065 2641 1125 Rot.;
2689 1063 2815 1123 nur
2879 1059 3279 1119 Norwic.ep
3383 1061 3468 1121 AX

335 1066 412 1126 c)
467 1062 536 1122 so
607 1062 824 1122 Rot.;
879 1062 1096 1122 sonst
1167 1062 1376 1122 Idem.

473 1135 620 1195 Idem
699 1136 956 1196 eisdem
1068 1138 1246 1198 App.

330 1280 437 1340 JL.
510 1280 991 1340 verzeichnen
1050 1280 1308 1340 dieses
1374 1280 1625 1340 Stueck
1691 1280 1907 1340 unter
1972 1277 2180 1337 14035
2246 1277 2591 1337 zusammen
2656 1279 2778 1339 mit
2844 1277 2951 1337 dem
3024 1277 3325 1337 Kapitel

331 1354 753 1414 Seripsimus
822 1354 1079 1414 vobis,
1140 1354 1306 1414 fuer
1375 1353 1669 1413 welches
1738 1353 1986 1413 jedoch
2063 1351 2266 1411 keine
2328 1351 2811 1411 Fundstellen
2880 1349 3265 1409 angegeben

335 1428 629 1488 werden,
693 1429 851 1489 eine
916 1427 1495 1487 Verkoppelung,
1560 1428 1813 1488 welche
1878 1426 2004 1486 nur
2061 1426 2275 1486 durch
2339 1426 2457 1486 die
2522 1425 3237 1485 Aufeinanderfolge

331 1501 438 1561 von
500 1504 939 1564 Scripsimus
1017 1504 1494 1564 (Norwic.ep.
1557 1503 1633 1563 et
1695 1502 1857 1562 abb.
1920 1504 1996 1564 de
2059 1501 2420 1561 Evesham)
2475 1503 2590 1563 und
2699 1501 2821 1561 Cum
2892 1501 3276 1561 aliquibus

340 1579 530 1639 (Idem
597 1578 912 1638 eisdem)
963 1578 1028 1638 in
1104 1581 1269 1641 App.
1328 1583 1493 1643 36,1
1552 1581 1576 1641 u
1651 1580 1675 1640 2
1743 1577 2182 1637 begruendet
2242 1575 2498 1635 werden
2557 1575 2772 1635 kann.
2831 1576 2904 1636 In
2972 1572 3228 1632 Chelt.

328 1653 580 1713 haengt
640 1654 758 1714 das
827 1653 1079 1713 Stueck
1147 1653 1214 1713 an
1283 1653 1408 1713 JL.
1468 1649 1671 1709 14096
1781 1649 1865 1709 Ex
1925 1650 2405 1710 transmifssa
2475 1649 2735 1709 nobis,
2795 1647 2964 1707 mon,
3024 1647 3098 1707 et
3158 1647 3326 1707 can.

327 1725 396 1785 in
467 1723 903 1783 episcopatu
966 1724 1588 1784 Saresberiensi.
1651 1722 1861 1782 Bedde
1924 1722 2453 1782 Verbindungen
2516 1721 2679 1781 sind
2750 1719 3092 1779 sachlich

298 1802 638 1862 „hoechst
707 1799 1234 1859 zweifelhaft;
1295 1799 1405 1859 die
1474 1796 1643 1856 Rot.
1704 1796 1959 1856 bringt
2019 1796 2138 1856 das
2198 1796 2453 1856 Stueck
2522 1794 2870 1854 offenbar
2931 1789 3041 1849 aus

336 1872 546 1932 einer
612 1874 783 1934 App.
800 1872 1149 1932 vorlage,
1207 1871 1279 1931 in
1337 1871 1556 1931 Cant.
1614 1868 1727 1928 und
1793 1868 2004 1928 Roff.
2070 1868 2280 1928 steht
2346 1866 2411 1926 es
2477 1865 2997 1925 selbstaendig
3071 1863 3192 1923 mit

329 1945 857 2005 abweichender
918 1946 1447 2006 Inskription.
1482 1943 1626 2003 [Der
1696 1943 1901 2003 kurze
1970 1941 2319 2001 Wortlaut
2380 1937 2541 1997 legt
2602 1937 2721 1997 die
2790 1937 3174 1997 Vermutung

340 2024 557 2084 nahe,
615 2026 775 2086 dass
843 2026 955 2086 der
1023 2023 1232 2083 kurze
1290 2028 1459 2088 Satz
1518 2025 1963 2085 ueberhaupt
2022 2023 2144 2083 nur
2202 2024 2362 2084 eine
2429 2021 2686 2081 Glosse
2744 2020 2942 2080 ist.1
3019 2022 3094 2082 Es
3133 2020 3236 2080 ist
3294 2018 3388 2078 ein

3350 2103 3428 2163 .

2071 2167 2433 2227 Frondaiden
