3508 2479
341 909 686 969 Cott.III
750 910 819 970 69
927 909 1201 969 Pet.II
1255 914 1521 974 23,22.

108 372 433 432 l

2443 290 2558 350 JL.

3184 294 3441 354 0242

787 436 892 496 Cum
964 431 1176 491 causa
1241 432 1362 492 que
1427 434 1639 494 inter
1704 432 1775 492 te
1840 431 1917 491 et
1982 431 2465 491 venerabilem
2536 431 2835 491 fratrem
2900 433 3204 493 nostrum

334 542 993 602 Cesaraugustanum
1059 542 1447 602 episcopum
1521 542 1725 602 super
1793 542 2187 602 ecclesiis
2254 540 2319 600 de
2386 544 2869 604 Unocartello
2943 540 3191 600 verte¬

327 652 539 712 batur
643 646 672 706 -
783 652 1084 712 duximus
1152 653 1644 713 roborandam.
1704 652 2145 712 Decrevimus
2212 653 2424 713 ergo.

332 764 719 824 Alexander
783 766 956 826 III.
1013 763 1558 823 Pampilonensi
1622 763 2025 823 episcopo.

2355 766 2935 826 (Veroli(1170)
2983 769 3306 829 juni22)

332 1056 439 1116 Das
502 1055 755 1115 Stueck
825 1056 948 1116 ist
1011 1056 1079 1116 im
1142 1056 1813 1116 Kathedralarchiv
1883 1056 1951 1116 in
2014 1056 2361 1116 Pamplona
2431 1056 2592 1116 noch
2663 1058 2731 1118 im
2794 1057 3148 1117 Original

339 1127 679 1187 erhalten
743 1129 862 1189 und
927 1127 1179 1187 daraus
1245 1130 1592 1190 gedruckt
1665 1130 1775 1190 von
1840 1130 2053 1190 Kehr,
2110 1131 2236 1191 PU.
2300 1130 2371 1190 in
2435 1130 2736 1190 Spamien
2800 1128 2879 1188 II
2935 1127 3062 1187 437
3118 1129 3379 1189 n.110.

332 1202 443 1262 Die
507 1204 1031 1264 Abweichungen
1103 1204 1261 1264 sind
1335 1205 1398 1265 im
1470 1205 1946 1265 allgemeinen
2019 1205 2551 1265 geringfuegig
2616 1205 2726 1265 und
2798 1200 2909 1260 als
2981 1202 3235 1262 Ueber-

335 1275 1042 1335 lieferungsfehler
1104 1275 1636 1335 erklaerlich.
1698 1277 1820 1337 Nur
1889 1277 1957 1337 an
2026 1276 2239 1336 einer
2301 1275 2558 1335 Stelle
2628 1274 2886 1334 bietet
2948 1271 3061 1331 die

332 1348 894 1408 kanonistische
956 1351 1580 1411 Ueberlieferung
1651 1351 2182 1411 auffaelliger
2244 1348 2452 1408 Weise
2523 1346 2730 1406 einen
2792 1346 2999 1406 Namen
3070 1345 3238 1405 mehr

347 1423 497 1483 Nach
558 1423 670 1483 dem
739 1423 1093 1483 Original
1155 1423 1357 1483 wurde
1426 1423 1547 1483 der
1608 1423 1909 1483 Prozess
1979 1420 2046 1480 in
2115 1420 2370 1480 erster
2439 1420 2733 1480 Instanz
2794 1417 3050 1477 ueber¬

346 1492 635 1552 tragen:
695 1495 866 1555 ven.
926 1495 1312 1555 fratribus
1380 1495 1683 1555 nostris
1751 1497 1825 1557 W.
1885 1494 2323 1554 Gerundensi
2391 1492 2464 1552 et
2524 1495 2605 1555 R.
2665 1492 3229 1552 Calagorritano

343 1569 675 1629 episcopo
747 1566 817 1626 (?
874 1566 1096 1626 -is?)
1152 1567 1230 1627 et
1287 1569 1586 1629 dilecto
1651 1569 1865 1629 filio
1929 1568 2276 1628 magistro
2341 1569 2419 1629 S.
2475 1566 2871 1626 Ilerdensi
2936 1563 3315 1623 canonico.

332 1642 482 1702 nach
551 1643 762 1703 Cott.
824 1641 944 1701 und
1006 1644 1224 1704 Pet.:
1285 1644 1452 1704 ven.
1513 1644 1633 1704 fr.
1695 1643 1997 1703 nostris
2066 1642 2505 1702 Gerundensi
2566 1638 2648 1698 et
2702 1638 3231 1698 Calagoritano

340 1719 727 1779 episcopis
787 1717 870 1777 et
922 1719 1224 1779 dilecto
1292 1719 1636 1779 magistro
1696 1719 1907 1779 filio
1975 1719 2227 1779 Segino
2295 1714 2690 1774 Ylerdensi
2750 1713 3145 1773 canonice.
