3508 2479
315 1213 523 1273 Oriel
586 1213 620 1273 I
673 1215 934 1275 42,17.
997 1214 1485 1274 Cass.51,16.
1548 1214 1766 1274 Tann.
1784 1217 1853 1277 IV
1915 1216 2080 1276 5,5=
2134 1217 2448 1277 Anh.14.
2502 1217 2955 1277 Rot.26,10.

315 1286 335 1346 A
401 1287 475 1347 II
540 1290 798 1350 19,10.
853 1289 1077 1349 Sang.
1089 1289 1121 1349 V
1177 1292 1670 1352 4,4(S.226).
1725 1295 2037 1355 Decr.II
2092 1295 2305 1355 27,8.

215 324 457 384 219

2233 255 2345 315 JL.
2398 258 2625 318 12175

3168 291 3423 351 0244

543 400 650 460 Cum
721 397 983 457 causa,
1046 401 1161 461 que
1223 399 1570 459 vertitur
1633 399 1849 459 inter
1911 399 2026 459 vos
2097 400 2173 460 et
2228 401 2529 461 Gozonem

2647 396 2761 456 et
2828 396 3164 456 Armannum

318 505 564 565 laicos
721 505 934 565 super
993 508 1157 568 domo
1224 507 1478 567 quedam
1545 506 1659 566 eis
1726 506 1800 566 ab
1867 509 2533 569 archipresbytero
2600 509 2854 569 vestro
2921 510 3216 570 vendita

323 620 384 680 ad
447 620 701 680 examen
764 622 1073 682 dilecti
1135 622 1346 682 filii
1400 622 1663 682 nostri
1726 618 1841 678 I.“
1948 623 2299 683 hasilice
2362 626 2485 686 XII
2583 626 3068 686 Apostolorum
3139 624 3341 684 pres¬

325 729 570 789 biteri
633 731 1072 791 cardinalis
1135 732 1295 792 tunc
1366 732 1797 792 apostolice
1867 732 2075 792 sedis
2146 733 2399 793 legati
2500 732 2530 792 -
2639 733 3124 793 auctoritate

318 841 753 901 apostolica
818 842 1447 902 adiudicavimus'

325 954 477 1014 Idem
545 955 610 1015 in
669 953 1022 1013 registro
1177 954 1616 1014 Theobaldos
1723 953 2067 1013 ecclesie
2126 957 2383 1017 sancte
2451 955 2843 1015 Anastasie
2912 957 3389 1017 (Veronensis

2647 1065 3027 1125 (1170-73)

316 1433 413 1493 a)

469 1435 795 1495 georgium
862 1438 1074 1498 Rot.;
1133 1438 1213 1498 G.
1313 1438 1624 1498 Oriel.;
1682 1441 1853 1501 vgl.
1903 1435 2214 1495 Friedb.
2280 1438 2345 1498 ad
2412 1438 2493 1498 c.
2543 1438 2714 1498 not.
2772 1441 2853 1501 3.

320 1508 395 1568 b.

452 1510 702 1570 Amant.
812 1514 1031 1574 Rot.;
1079 1517 1164 1577 A.
1268 1513 1580 1573 Oriel.;
1636 1515 1808 1575 vgl.
1863 1513 2168 1573 Friedb.
2232 1513 2301 1573 ad
2365 1513 2443 1573 c.
2499 1513 2670 1573 not.
2726 1512 2811 1572 4.

448 1587 791 1647 clericos
893 1588 1111 1648 Rof.,
1166 1587 1439 1647 folgt:
1494 1588 1563 1648 et
1627 1587 1884 1647 Theob.
1948 1587 2158 1647 eccl.
2221 1589 2298 1649 s.
2354 1587 2798 1647 Anastasie,
2861 1585 3250 1645 (irrtuem¬

457 1659 601 1719 lich
675 1659 747 1719 in
813 1659 925 1719 den
991 1660 1427 1720 Textangebe
1493 1662 1840 1722 geratene
1914 1662 2439 1722 Inskription.

2426 1734 2508 1794 f)
2559 1733 2634 1793 in
2701 1735 2926 1795 reg.:
2978 1734 3244 1794 Oriel.
3261 1731 3486 1791 Cass.

311 1731 388 1791 d)
451 1734 667 1794 Petri
765 1734 1042 1794 Oriel.

1129 1735 1204 1795 e)
1263 1735 1541 1795 adiud.
1601 1734 2113 1794 supradictam
2224 1734 2316 1794 X.

447 1808 630 1868 Rot.

904 1816 978 1876 g)
1029 1809 1295 1869 Theob.
1354 1805 1378 1865 -
1488 1811 1754 1871 Anast.
1855 1811 2070 1871 fehlt
2130 1810 2387 1870 Oriel,
2405 1810 2621 1870 Rot.;
2680 1814 2746 1874 zu
2813 1810 2937 1870 Rot
2997 1808 3162 1868 vgl.

445 1880 620 1940 aber
679 1881 853 1941 not.
913 1888 1037 1948 c.;
1097 1886 1179 1946 T.
1240 1883 1322 1943 et
1382 1885 1731 1945 clericis
1833 1886 1923 1946 I.

2060 1884 2143 1944 h)
2202 1885 2380 1945 Ver.
2446 1883 2577 1943 nur
2645 1886 2728 1946 X.

323 2027 448 2087 Zur
508 2030 896 2090 Datierung
966 2036 1131 2096 vgl.
1191 2035 1306 2095 JP.
1366 2036 1531 2096 VIIa
1590 2040 1716 2100 252
1765 2039 1853 2099 n.
1903 2038 2077 2098 1-3;
2137 2039 2301 2099 auch
2361 2041 2623 2101 Quell.
2674 2041 2760 2101 u.
2810 2037 3121 2097 Forsch.
3171 2036 3384 2096 itel.

344 2113 544 2173 Arch.
601 2116 721 2176 30,
776 2113 910 2173 60.
