3508 2479
398 1074 603 1134 Lips.
662 1074 923 1134 31,17.

382 397 518 457 224

2222 294 2342 354 JL.
2394 284 2614 344 14056

3151 270 3409 330 0249

757 475 866 535 Cum
933 473 1234 533 clerici
1300 471 1557 531 plebis
1624 470 1873 530 sancti
1940 468 2292 528 Floriani
2351 467 2431 527 et
2491 467 2791 527 clerici
2859 466 3114 526 sancti

382 589 771 649 Laurentii
830 585 904 645 de
971 586 1315 646 Arcerata
1383 583 1456 643 in
1523 581 1779 641 nostra
1847 581 2104 641 essent
2171 581 2560 641 presentia
2627 580 3061 640 constituti
3128 579 3296 639 etc.

390 697 455 757 et
514 697 776 757 infra.
879 696 1325 756 Quapropter
1385 694 1501 754 per
1567 692 1955 752 apstolica
2072 688 2093 748 -
2160 689 2510 749 predicti
2570 688 3008 748 Veronensis
3075 685 3234 745 con¬

380 808 705 868 firmes.

386 920 531 980 Item
605 918 903 978 Paduano
977 917 1327 977 episcopo
1393 914 1466 974 de
1533 915 1794 975 eodem.

2576 909 2973 969 (1166-81)

385 1217 487 1277 Zur
557 1217 1081 1277 Erlaeuterung
1151 1215 1261 1275 und
1331 1214 1726 1274 Datierung
1787 1212 1958 1272 vgl.
2020 1211 2139 1271 JP.
2200 1211 2328 1271 VII
2390 1210 2406 1270 a
2476 1211 2595 1271 163
2656 1211 2741 1271 n.
2794 1212 2922 1272 29.
